2022-01-12 19:26:09;BUY;BTC;5.5637E-4;0.0;
2022-01-12 19:26:09;DEPOSIT;PLN;98.1;98.1;PLN
2022-01-12 19:26:09;SELL;PLN;98.1;0.0;
2022-01-13 11:16:40;BUY;BUSD;24.008578;0.0;
2022-01-13 11:16:40;SELL;BTC;5.5E-4;0.0;
2022-01-13 11:16:40;SELL;BUSD;0.02400858;0.0;
2022-01-13 11:47:36;SELL;BUSD;23.982871;0.0;
2022-01-13 11:47:36;BUY;BTC;5.5E-4;0.0;
2022-01-13 14:27:51;BUY;BUSD;24.30857;0.0;
2022-01-13 14:27:51;SELL;BTC;5.5E-4;0.0;
2022-01-13 14:40:32;BUY;BTC;5.4E-4;0.0;
2022-01-13 14:40:32;SELL;BUSD;23.908041;0.0;
2022-01-13 14:55:59;SELL;BTC;5.4E-4;0.0;
2022-01-13 14:55:59;BUY;BUSD;23.8430952;0.0;
2022-01-13 15:20:09;BUY;BTC;5.5E-4;0.0;
2022-01-13 15:20:09;SELL;BUSD;23.8732945;0.0;
2022-01-14 14:51:17;SELL;BUSD;0.02271253;0.0;
2022-01-14 14:51:17;SELL;BTC;5.3E-4;0.0;
2022-01-14 14:51:17;BUY;BUSD;22.7125299;0.0;
2022-01-14 14:52:00;SELL;BUSD;22.8802;0.0;
2022-01-14 14:52:00;BUY;DOGE;118.0;0.0;
2022-01-15 15:04:50;SELL;DOGE;118.0;0.0;
2022-01-15 15:04:50;BUY;BUSD;22.2902;0.0;
2022-01-19 16:32:07;SELL;BUSD;22.4496;0.0;
2022-01-19 16:32:07;BUY;BNB;0.048;0.0;
2022-01-20 07:37:27;SELL;BNB;0.048;0.0;
2022-01-20 07:39:39;SELL;BTC;2.637E-5;0.0;
2022-01-20 07:39:39;SELL;BUSD;0.02224549;0.0;
2022-01-20 07:39:39;BUY;BNB;0.00227348;0.0;
2022-01-20 07:39:39;BUY;BNB;4.564E-5;0.0;
2022-01-31 08:38:58;BUY;MC;0.00915514;0.0;
2022-02-01 01:17:27;BUY;BNB;0.048;0.0;
2022-02-01 01:25:06;BUY;MC;7.6244E-4;0.0;
2022-02-02 11:23:05;SELL;BNB;3.749E-5;0.0;
2022-02-02 11:23:05;BUY;BUSD;19.115;0.0;
2022-02-02 11:23:05;SELL;BNB;0.05;0.0;
2022-02-02 11:23:41;SELL;BUSD;0.384973;0.0;
2022-02-02 11:23:41;BUY;BTC;1.0E-5;0.0;
2022-02-02 11:23:41;BUY;BTC;4.8E-4;0.0;
2022-02-02 11:23:41;SELL;BUSD;18.478704;0.0;
2022-02-04 15:33:44;SELL;BTC;4.9E-4;0.0;
2022-02-04 15:33:44;BUY;BUSD;19.4308128;0.0;
2022-02-04 15:58:43;BUY;BUSD;238.38666448;0.0;
2022-02-04 15:58:43;DEPOSIT;PLN;981.0;981.0;PLN
2022-02-04 15:58:43;SELL;PLN;981.0;0.0;
2022-02-04 16:02:53;BUY;USDT;257.79834418;0.0;
2022-02-04 16:02:53;SELL;BUSD;258.06880028;0.0;
2022-02-04 16:06:26;SELL;USDT;257.79834418;0.0;
2022-02-04 16:06:26;BUY;BTC;0.00647422;0.0;
2022-02-07 19:57:35;DEPOSIT;PLN;637.65;637.65;PLN
2022-02-07 19:57:36;SELL;PLN;637.65;0.0;
2022-02-07 19:59:50;SELL;BNB;0.359;0.0;
2022-02-07 19:59:50;SELL;BNB;2.6918E-4;0.0;
2022-02-07 19:59:50;BUY;USDT;156.4522;0.0;
2022-02-07 20:08:03;SELL;BNB;1.711E-5;0.0;
2022-02-07 20:08:03;SELL;USDT;10.1916;0.0;
2022-02-07 20:08:03;BUY;SLP;596.0;0.0;
2022-02-07 20:10:53;BUY;AXS;0.15;0.0;
2022-02-07 20:10:53;SELL;USDT;10.347;0.0;
2022-02-07 20:10:53;SELL;BNB;1.775E-5;0.0;
2022-02-07 20:12:14;SELL;BNB;1.726E-5;0.0;
2022-02-07 20:12:14;SELL;USDT;10.0635;0.0;
2022-02-07 20:12:14;BUY;MANA;3.0;0.0;
2022-02-07 20:22:11;DEPOSIT;PLN;98.1;98.1;PLN
2022-02-07 20:22:12;SELL;PLN;98.1;0.0;
2022-02-07 20:22:12;BUY;USDT;23.97703477;0.0;
2022-02-07 20:23:39;BUY;BTC;7.7197E-4;0.0;
2022-02-07 20:23:39;SELL;USDT;34.19153477;0.0;
2022-02-07 20:31:58;SELL;BTC;5.6654E-4;0.0;
2022-02-07 20:31:58;BUY;USDT;25.0;0.0;
2022-02-07 20:33:10;SELL;USDT;25.0;0.0;
2022-02-07 20:33:10;BUY;1INCH;12.81144626;0.0;
2022-02-08 06:01:21;SELL;USDT;115.6356;0.0;
2022-02-08 06:01:21;BUY;BTC;0.00258;0.0;
2022-02-08 06:01:21;SELL;BNB;1.9708E-4;0.0;
2022-02-08 12:23:29;BUY;USDT;35.6249;0.0;
2022-02-08 12:23:29;SELL;BTC;0.00261;0.0;
2022-02-08 12:23:29;SELL;BNB;2.0114E-4;0.0;
2022-02-08 12:23:29;SELL;BNB;6.318E-5;0.0;
2022-02-08 12:23:29;SELL;BTC;8.2E-4;0.0;
2022-02-08 12:23:29;BUY;USDT;113.39145;0.0;
2022-02-08 14:47:44;SELL;BTC;3.4E-6;0.0;
2022-02-08 14:47:44;SELL;USDT;148.9098;0.0;
2022-02-08 14:47:44;BUY;BTC;0.0034;0.0;
2022-02-08 15:30:22;BUY;USDT;377.5804108;0.0;
2022-02-08 15:30:22;BUY;USDT;9.5043124;0.0;
2022-02-08 15:30:22;SELL;USDT;0.37758041;0.0;
2022-02-08 15:30:22;SELL;BTC;2.6E-4;0.0;
2022-02-08 15:30:22;BUY;USDT;11.2323692;0.0;
2022-02-08 15:30:22;SELL;BNB;2.026E-5;0.0;
2022-02-08 15:30:22;SELL;BNB;1.714E-5;0.0;
2022-02-08 15:30:22;SELL;BTC;2.2E-4;0.0;
2022-02-08 15:30:22;SELL;BTC;0.00874;0.0;
2022-02-08 20:56:02;BUY;BTC;0.009;0.0;
2022-02-08 20:56:02;SELL;USDT;397.37295;0.0;
2022-02-08 20:56:02;SELL;BTC;9.0E-6;0.0;
2022-02-09 12:53:26;SELL;BTC;0.0089;0.0;
2022-02-09 12:53:26;SELL;USDT;0.39288694;0.0;
2022-02-09 12:53:26;BUY;USDT;392.88694;0.0;
2022-02-09 13:05:48;BUY;SLP;819.0;0.0;
2022-02-09 13:05:48;SELL;BNB;3.498E-5;0.0;
2022-02-09 13:05:48;SELL;USDT;19.656;0.0;
2022-02-09 13:07:19;SELL;USDT;11.208;0.0;
2022-02-09 13:07:19;BUY;SLP;467.0;0.0;
2022-02-09 13:07:19;SELL;BNB;1.977E-5;0.0;
2022-02-10 12:28:17;BUY;SLP;294.0;0.0;
2022-02-10 12:28:17;SELL;BNB;1.903E-5;0.0;
2022-02-10 12:28:17;SELL;USDT;10.8486;0.0;
2022-02-10 13:34:46;SELL;USDT;0.0774656;0.0;
2022-02-10 13:34:46;BUY;USDT;77.4656;0.0;
2022-02-10 13:34:46;SELL;SLP;2176.0;0.0;
2022-02-10 13:57:25;BUY;BTC;0.00268;0.0;
2022-02-10 13:57:25;SELL;USDT;117.1702164;0.0;
2022-02-10 13:57:25;SELL;BTC;2.68E-6;0.0;
2022-02-10 14:54:10;SELL;SLP;0.799;0.0;
2022-02-10 14:54:10;SELL;USDT;31.161;0.0;
2022-02-10 14:54:10;BUY;SLP;799.0;0.0;
2022-02-10 15:09:24;BUY;USDT;124.7885;0.0;
2022-02-10 15:09:24;SELL;USDT;0.1247885;0.0;
2022-02-10 15:09:24;SELL;BTC;0.00277;0.0;
2022-02-10 21:21:24;SELL;USDT;20.9415;0.0;
2022-02-10 21:21:24;BUY;SLP;607.0;0.0;
2022-02-10 21:21:24;SELL;SLP;0.607;0.0;
2022-02-11 15:23:28;BUY;USDT;41.5584;0.0;
2022-02-11 15:23:28;SELL;USDT;0.0415584;0.0;
2022-02-11 15:23:28;SELL;SLP;1404.0;0.0;
2022-02-12 08:42:03;SELL;BTC;5.03E-6;0.0;
2022-02-12 08:42:03;BUY;BTC;0.00503;0.0;
2022-02-12 08:42:03;SELL;USDT;212.6728767;0.0;
2022-02-12 09:23:29;SELL;USDT;19.684;0.0;
2022-02-12 09:23:29;BUY;LUNA;0.38;0.0;
2022-02-12 09:23:29;SELL;LUNA;3.8E-4;0.0;
2022-02-12 09:26:06;SELL;USDT;24.2208;0.0;
2022-02-12 09:26:06;BUY;SLP;841.0;0.0;
2022-02-12 09:26:06;SELL;SLP;0.841;0.0;
2022-02-12 09:42:01;SELL;ADA;0.0316;0.0;
2022-02-12 09:42:01;BUY;ADA;31.6;0.0;
2022-02-12 09:42:01;SELL;USDT;33.8752;0.0;
2022-02-13 11:00:07;BUY;USDT;213.734532;0.0;
2022-02-13 11:00:07;SELL;BTC;0.00502;0.0;
2022-02-13 11:00:07;SELL;USDT;0.21373453;0.0;
2022-02-13 11:01:45;SELL;LUNA;0.37;0.0;
2022-02-13 11:01:45;SELL;USDT;0.0196951;0.0;
2022-02-13 11:01:45;BUY;USDT;19.6951;0.0;
2022-02-13 11:02:14;BUY;USDT;33.516;0.0;
2022-02-13 11:02:14;SELL;USDT;0.033516;0.0;
2022-02-13 11:02:14;SELL;ADA;31.5;0.0;
2022-02-13 11:03:20;SELL;SLP;840.0;0.0;
2022-02-13 11:03:20;SELL;USDT;0.0273;0.0;
2022-02-13 11:03:20;BUY;USDT;27.3;0.0;
2022-02-13 11:04:43;SELL;1INCH;12.8;0.0;
2022-02-13 11:04:43;SELL;USDT;0.0217344;0.0;
2022-02-13 11:04:43;BUY;USDT;21.7344;0.0;
2022-02-13 17:02:41;BUY;SAND;9.0;0.0;
2022-02-13 17:02:41;SELL;USDT;36.882;0.0;
2022-02-13 17:02:41;SELL;SAND;0.009;0.0;
2022-02-13 19:00:50;SELL;USDT;8.0344;0.0;
2022-02-13 19:00:50;BUY;SAND;2.0;0.0;
2022-02-13 19:00:50;SELL;BNB;1.519E-5;0.0;
2022-02-15 08:29:09;SELL;USDT;0.0421;0.0;
2022-02-15 08:29:09;BUY;USDT;42.1;0.0;
2022-02-15 08:29:09;SELL;SAND;10.0;0.0;
2022-02-15 08:33:08;SELL;SAND;0.003;0.0;
2022-02-15 08:33:08;SELL;USDT;12.66;0.0;
2022-02-15 08:33:08;BUY;SAND;3.0;0.0;
2022-02-15 08:33:44;BUY;USDT;12.6411;0.0;
2022-02-15 08:33:44;SELL;SAND;3.0;0.0;
2022-02-15 08:33:44;SELL;USDT;0.0126411;0.0;
2022-02-15 08:40:32;SELL;SLP;3.902;0.0;
2022-02-15 08:40:32;SELL;USDT;120.962;0.0;
2022-02-15 08:40:32;BUY;SLP;3902.0;0.0;
2022-02-15 08:43:21;SELL;FTM;0.026;0.0;
2022-02-15 08:43:21;BUY;FTM;26.0;0.0;
2022-02-15 08:43:21;SELL;USDT;53.0296;0.0;
2022-02-16 09:28:40;SELL;FTM;25.0;0.0;
2022-02-16 09:28:40;SELL;USDT;0.051975;0.0;
2022-02-16 09:28:40;BUY;USDT;51.975;0.0;
2022-02-16 12:16:39;SELL;SLP;2.431;0.0;
2022-02-16 12:16:39;BUY;SLP;2431.0;0.0;
2022-02-16 12:16:39;SELL;USDT;68.7973;0.0;
2022-02-16 14:03:47;SELL;SLP;1.837;0.0;
2022-02-16 14:03:47;SELL;USDT;51.0686;0.0;
2022-02-16 14:03:47;BUY;SLP;1837.0;0.0;
2022-02-17 09:13:18;BUY;USDT;220.374;0.0;
2022-02-17 09:13:18;SELL;USDT;0.220374;0.0;
2022-02-17 09:13:18;SELL;SLP;8162.0;0.0;
2022-02-22 20:36:12;SELL;BTC;5.6E-6;0.0;
2022-02-22 20:36:12;SELL;USDT;212.823128;0.0;
2022-02-22 20:36:12;BUY;BTC;0.0056;0.0;
2022-02-24 08:08:07;SELL;USDT;213.2072124;0.0;
2022-02-24 08:08:07;SELL;BTC;5.98E-6;0.0;
2022-02-24 08:08:07;BUY;BTC;0.00598;0.0;
2022-02-24 15:45:05;SELL;BTC;0.01157;0.0;
2022-02-24 15:45:05;SELL;USDT;0.41345395;0.0;
2022-02-24 15:45:05;BUY;USDT;413.45395;0.0;
2022-02-27 22:30:08;BUY;BTC;0.00549;0.0;
2022-02-27 22:30:08;SELL;USDT;206.6191695;0.0;
2022-02-27 22:30:08;SELL;BTC;5.49E-6;0.0;
2022-02-27 22:32:08;SELL;USDT;103.302072;0.0;
2022-02-27 22:32:08;BUY;ETH;0.0394;0.0;
2022-02-27 22:32:08;SELL;ETH;3.94E-5;0.0;
2022-03-03 06:13:22;BUY;USDT;50.434475;0.0;
2022-03-03 06:13:22;SELL;ETH;0.0175;0.0;
2022-03-03 06:13:22;SELL;USDT;0.03026069;0.0;
2022-03-03 06:13:22;SELL;ETH;0.0105;0.0;
2022-03-03 06:13:22;BUY;USDT;32.566487;0.0;
2022-03-03 06:13:22;SELL;ETH;0.0113;0.0;
2022-03-03 06:13:22;BUY;USDT;30.260685;0.0;
2022-03-03 06:13:22;SELL;USDT;0.05043448;0.0;
2022-03-03 06:13:22;SELL;USDT;0.03256649;0.0;
2022-03-03 06:14:35;BUY;BUSD;236.07;0.0;
2022-03-03 06:14:35;SELL;BTC;0.00549;0.0;
2022-03-03 06:14:35;SELL;BUSD;0.23607;0.0;
2022-03-04 09:48:31;SELL;USDT;108.04537;0.0;
2022-03-04 09:48:31;BUY;BTCUP;2.57;0.0;
2022-03-04 09:48:31;SELL;BTCUP;0.00257;0.0;
2022-03-05 02:11:10;SELL;BTCUP;0.00303;0.0;
2022-03-05 02:11:10;SELL;USDT;108.3225;0.0;
2022-03-05 02:11:10;BUY;BTCUP;3.03;0.0;
2022-03-08 08:30:43;SELL;BUSD;235.0;0.0;
2022-03-08 08:30:43;BUY;USDT;234.9765;0.0;
2022-03-08 08:31:20;BUY;BTCUP;3.34;0.0;
2022-03-08 08:31:20;SELL;BTCUP;0.00334;0.0;
2022-03-08 08:31:20;SELL;USDT;117.2173;0.0;
2022-03-08 08:31:33;SELL;BTC;2.73E-6;0.0;
2022-03-08 08:31:33;SELL;USDT;11.652198;0.0;
2022-03-08 08:31:33;BUY;BTC;0.00273;0.0;
2022-03-08 08:31:33;SELL;USDT;106.0350018;0.0;
2022-03-08 08:31:33;SELL;BTC;3.0E-7;0.0;
2022-03-08 08:31:33;BUY;BTC;3.0E-4;0.0;
2022-03-10 01:38:12;SELL;BTCUP;6.69;0.0;
2022-03-10 01:38:12;BUY;USDT;270.8781;0.0;
2022-03-10 01:38:12;SELL;USDT;0.2708781;0.0;
2022-03-10 03:00:24;SELL;USDT;0.122612;0.0;
2022-03-10 03:00:24;BUY;USDT;122.612;0.0;
2022-03-10 03:00:24;SELL;BTC;0.00302;0.0;
2022-03-10 03:00:40;SELL;BTCUP;2.24;0.0;
2022-03-10 03:00:40;SELL;USDT;0.08624;0.0;
2022-03-10 03:00:40;BUY;USDT;86.24;0.0;
2022-03-10 06:47:04;BUY;BTC;1.8108E-4;0.0;
2022-03-10 06:47:04;SELL;MANA;3.0;0.0;
2022-03-10 06:47:04;SELL;BTC;1.8E-7;0.0;
2022-03-10 06:47:31;SELL;BTC;1.8608E-4;0.0;
2022-03-10 06:47:31;BUY;AXS;0.16;0.0;
2022-03-10 06:47:31;SELL;AXS;1.6E-4;0.0;
2022-03-10 06:47:44;SELL;AXS;0.3;0.0;
2022-03-10 06:47:44;BUY;BTC;3.486E-4;0.0;
2022-03-10 06:47:44;SELL;BTC;3.5E-7;0.0;
2022-03-10 06:48:34;SELL;BTC;3.5E-4;0.0;
2022-03-10 06:48:34;BUY;USDT;13.7424735;0.0;
2022-03-10 06:48:34;SELL;USDT;0.01374247;0.0;
2022-03-10 06:51:51;BUY;BNB;0.002172;0.0;
2022-03-10 06:51:51;BUY;BNB;4.087E-4;0.0;
2022-03-10 06:51:51;BUY;BNB;2.5687E-4;0.0;
2022-03-10 06:51:51;SELL;AXS;0.00984;0.0;
2022-03-10 06:51:51;BUY;BNB;3.893E-5;0.0;
2022-03-10 06:51:51;SELL;MC;0.00991758;0.0;
2022-03-10 06:51:51;SELL;SLP;0.583;0.0;
2022-03-10 06:51:51;BUY;BNB;0.0032226;0.0;
2022-03-10 06:51:51;SELL;LUNA;0.00962;0.0;
2022-03-10 06:51:51;BUY;BNB;1.4343E-4;0.0;
2022-03-10 06:51:51;SELL;SAND;0.988;0.0;
2022-03-10 06:51:51;SELL;BTC;2.51E-6;0.0;
2022-03-10 06:51:51;BUY;BNB;5.014E-5;0.0;
2022-03-10 06:51:51;BUY;BNB;0.00117116;0.0;
2022-03-10 06:51:51;SELL;BTCUP;0.00106;0.0;
2022-03-10 06:51:51;SELL;ETH;6.06E-5;0.0;
2022-03-10 06:51:51;SELL;BUSD;0.83393;0.0;
2022-03-10 06:51:51;SELL;1INCH;0.01144626;0.0;
2022-03-10 06:51:51;BUY;BNB;9.856E-5;0.0;
2022-03-10 06:51:51;BUY;BNB;0.00237492;0.0;
2022-03-10 06:51:51;BUY;BNB;0.00721832;0.0;
2022-03-10 06:51:51;SELL;ADA;0.0684;0.0;
2022-03-10 06:51:51;BUY;BNB;2.625E-5;0.0;
2022-03-10 06:51:51;SELL;FTM;0.974;0.0;
2022-03-10 06:52:27;SELL;BNB;1.253E-5;0.0;
2022-03-10 06:52:27;BUY;BTC;1.6274E-4;0.0;
2022-03-10 06:52:27;SELL;BNB;0.017;0.0;
2022-03-10 07:27:54;SELL;BNB;7.5E-5;0.0;
2022-03-10 07:27:54;SELL;USDT;37.73;0.0;
2022-03-10 07:27:54;BUY;BNB;0.1;0.0;
2022-03-10 07:30:16;SELL;BNB;0.009;0.0;
2022-03-10 07:34:58;SELL;BNB;6.835E-5;0.0;
2022-03-10 07:34:58;SELL;BNB;0.091;0.0;
2022-03-10 07:34:58;BUY;USDT;34.4799;0.0;
2022-03-10 15:24:37;BUY;BTC;0.0028;0.0;
2022-03-10 15:24:37;SELL;USDT;11.832897;0.0;
2022-03-10 15:24:37;SELL;USDT;110.440372;0.0;
2022-03-10 15:24:37;SELL;BNB;2.408E-5;0.0;
2022-03-10 15:24:37;SELL;BTC;2.8E-6;0.0;
2022-03-10 15:24:37;BUY;BTC;3.0E-4;0.0;
2022-03-16 06:17:15;SELL;USDT;30.84734;0.0;
2022-03-16 06:17:15;BUY;BTCUP;0.86;0.0;
2022-03-16 06:17:15;BUY;BTCUP;1.7;0.0;
2022-03-16 06:17:15;SELL;BTCUP;8.6E-4;0.0;
2022-03-16 06:17:15;SELL;BTCUP;0.0017;0.0;
2022-03-16 06:17:15;SELL;USDT;60.979;0.0;
2022-03-18 06:31:05;SELL;BTC;0.00325;0.0;
2022-03-18 06:31:05;SELL;USDT;0.13247975;0.0;
2022-03-18 06:31:05;BUY;USDT;132.47975;0.0;
2022-03-18 06:31:22;SELL;USDT;0.09864165;0.0;
2022-03-18 06:31:22;SELL;BTCUP;2.55;0.0;
2022-03-18 06:31:22;BUY;USDT;98.64165;0.0;
2022-03-24 11:37:43;SELL;USDT;195.4748742;0.0;
2022-03-24 11:37:43;BUY;BTCDOWN;26500.0;0.0;
2022-03-24 11:37:43;SELL;USDT;311.057;0.0;
2022-03-24 11:37:43;SELL;BTCDOWN;26.5;0.0;
2022-03-24 11:37:43;SELL;BTCDOWN;16.65033;0.0;
2022-03-24 11:37:43;BUY;BTCDOWN;16650.33;0.0;
2022-03-27 16:14:02;BUY;USDT;50.66109475;0.0;
2022-03-27 16:14:02;SELL;USDT;0.11059758;0.0;
2022-03-27 16:14:02;BUY;USDT;110.5975836;0.0;
2022-03-27 16:14:02;SELL;USDT;0.298872;0.0;
2022-03-27 16:14:02;SELL;USDT;0.05066109;0.0;
2022-03-27 16:14:02;SELL;BTCDOWN;28000.0;0.0;
2022-03-27 16:14:02;SELL;BTCDOWN;10361.4;0.0;
2022-03-27 16:14:02;BUY;USDT;298.872;0.0;
2022-03-27 16:14:02;SELL;BTCDOWN;4745.77;0.0;
2022-03-31 09:33:36;SELL;USDT;459.53778;0.0;
2022-03-31 09:33:36;SELL;BTC;9.75E-6;0.0;
2022-03-31 09:33:36;BUY;BTC;0.00975;0.0;
2022-03-31 15:56:51;BUY;USDT;452.44875;0.0;
2022-03-31 15:56:51;SELL;USDT;0.45244875;0.0;
2022-03-31 15:56:51;SELL;BTC;0.00975;0.0;
2022-04-06 15:00:14;BUY;BTC;0.01021;0.0;
2022-04-06 15:00:14;SELL;BTC;1.021E-5;0.0;
2022-04-06 15:00:14;SELL;USDT;451.9452416;0.0;
2022-05-05 15:08:17;BUY;USDT;377.03;0.0;
2022-05-05 15:08:17;SELL;BTC;0.01019;0.0;
2022-05-05 15:08:17;SELL;USDT;0.37703;0.0;
2022-05-09 21:43:09;BUY;BTC;0.01201;0.0;
2022-05-09 21:43:09;SELL;BTC;1.201E-5;0.0;
2022-05-09 21:43:09;SELL;USDT;376.972282;0.0;
2022-05-09 21:58:27;BUY;USDT;369.55956;0.0;
2022-05-09 21:58:27;SELL;BTC;0.012;0.0;
2022-05-09 21:58:27;SELL;USDT;0.36955956;0.0;
2022-05-12 07:10:01;SELL;USDT;369.27456311;0.0;
2022-05-12 07:10:01;BUY;BUSD;348.01409423;0.0;
2022-05-12 08:15:55;SELL;BUSD;260.9477542;0.0;
2022-05-12 08:15:55;SELL;BTC;9.38E-6;0.0;
2022-05-12 08:15:55;BUY;BTC;0.00938;0.0;
2022-05-12 08:16:29;BUY;LUNA;173.99;0.0;
2022-05-12 08:16:29;SELL;LUNA;0.17399;0.0;
2022-05-12 08:16:29;SELL;BUSD;21.766149;0.0;
2022-05-12 08:17:24;SELL;ETH;3.43E-5;0.0;
2022-05-12 08:17:24;SELL;BUSD;65.29348;0.0;
2022-05-12 08:17:24;BUY;ETH;0.0343;0.0;
2022-05-12 08:43:25;SELL;BUSD;0.25299;0.0;
2022-05-12 08:43:25;BUY;BUSD;252.99;0.0;
2022-05-12 08:43:25;SELL;BTC;0.00937;0.0;
2022-05-12 13:33:49;BUY;BTC;0.00902;0.0;
2022-05-12 13:33:49;SELL;BUSD;252.5833618;0.0;
2022-05-12 13:33:49;SELL;BTC;9.02E-6;0.0;
2022-05-13 16:33:17;SELL;BUSD;0.2703;0.0;
2022-05-13 16:33:17;BUY;BUSD;270.3;0.0;
2022-05-13 16:33:17;SELL;BTC;0.00901;0.0;
2022-05-24 07:50:45;SELL;BTC;9.2E-6;0.0;
2022-05-24 07:50:45;BUY;BTC;0.0092;0.0;
2022-05-24 07:50:45;SELL;BUSD;270.115496;0.0;
2022-05-28 16:26:03;SELL;LUNA;173.81601;0.0;
2022-05-28 16:26:03;BUY;LUNC;173.81601;0.0;
2022-05-30 15:08:35;BUY;LUNA;7.9781E-4;0.0;
2022-05-31 06:30:22;BUY;BUSD;290.26;0.0;
2022-05-31 06:30:22;SELL;BTC;0.0092;0.0;
2022-06-13 10:03:23;SELL;BTC;1.207E-5;0.0;
2022-06-13 10:03:23;BUY;BTC;0.01207;0.0;
2022-06-13 10:03:23;SELL;BUSD;290.0151839;0.0;
2022-06-13 11:17:02;SELL;BUSD;0.079158;0.0;
2022-06-13 11:17:02;BUY;BUSD;206.427;0.0;
2022-06-13 11:17:02;SELL;BTC;0.00334;0.0;
2022-06-13 11:17:02;SELL;BTC;0.00871;0.0;
2022-06-13 11:17:02;BUY;BUSD;79.158;0.0;
2022-06-13 11:17:02;SELL;BUSD;0.206427;0.0;
2022-07-07 16:38:45;SELL;BTC;1.362E-5;0.0;
2022-07-07 16:38:45;BUY;BTC;0.01362;0.0;
2022-07-07 16:38:45;SELL;BUSD;285.4480962;0.0;
2022-07-08 08:58:16;SELL;BTC;0.01361;0.0;
2022-07-08 08:58:16;SELL;BUSD;0.292615;0.0;
2022-07-08 08:58:16;BUY;BUSD;292.615;0.0;
2022-07-19 17:55:16;BUY;BTC;0.01245;0.0;
2022-07-19 17:55:16;SELL;BUSD;292.4505;0.0;
2022-07-20 00:44:42;SELL;BTC;0.01245;0.0;
2022-07-20 00:44:42;BUY;BUSD;286.35;0.0;
2022-07-21 10:13:32;BUY;BUSD;100.0;0.0;
2022-07-21 10:13:32;SELL;BUSD;100.0;0.0;
2022-07-21 10:14:11;SELL;BUSD;186.3876943;0.0;
2022-07-21 10:14:11;BUY;BTC;0.00809;0.0;
2022-07-21 10:15:22;SELL;BUSD;100.0;0.0;
2022-07-21 10:15:22;BUY;USDT;99.985003;0.0;
2022-07-21 10:17:57;SELL;USDT;0.11964576;0.0;
2022-07-21 16:00:00;BUY;USDT;0.02942791;0.0;
2022-07-21 16:05:37;BUY;USDT;2.665;0.0;
2022-07-21 16:05:37;SELL;USDT;0.11857976;0.0;
2022-07-26 00:45:55;SELL;USDT;0.11768624;0.0;
2022-07-26 00:48:26;BUY;BUSD;50.085196;0.0;
2022-07-26 00:48:26;SELL;BTC;0.00571;0.0;
2022-07-26 00:48:26;BUY;BUSD;120.162382;0.0;
2022-07-26 00:48:26;SELL;BTC;0.00238;0.0;
2022-07-26 08:00:00;SELL;USDT;0.01077153;0.0;
2022-07-26 16:00:00;SELL;USDT;0.02513827;0.0;
2022-07-27 00:00:00;SELL;USDT;0.01365257;0.0;
2022-07-27 08:00:00;SELL;USDT;0.01518909;0.0;
2022-07-27 16:00:00;SELL;USDT;0.00889163;0.0;
2022-07-27 18:03:01;SELL;USDT;0.12334;0.0;
2022-07-27 18:03:01;BUY;USDT;14.1344;0.0;
2022-07-28 03:37:31;SELL;USDT;0.138888;0.0;
2022-07-28 08:00:00;BUY;USDT;0.03437964;0.0;
2022-07-28 15:34:52;SELL;USDT;0.14112;0.0;
2022-07-28 15:34:52;SELL;USDT;5.58;0.0;
2022-07-30 22:35:42;SELL;USDT;0.12312924;0.0;
2022-07-31 00:00:00;BUY;USDT;0.030719;0.0;
2022-07-31 08:00:00;BUY;USDT;0.03081637;0.0;
2022-07-31 16:00:00;BUY;USDT;0.01940418;0.0;
2022-07-31 18:08:25;SELL;USDT;0.12490192;0.0;
2022-07-31 18:08:25;SELL;USDT;4.4317;0.0;
2022-08-21 06:52:33;SELL;USDT;0.1265166;0.0;
2022-08-21 08:00:00;BUY;USDT;0.01143546;0.0;
2022-08-21 16:00:00;BUY;USDT;0.01038542;0.0;
2022-08-22 00:00:00;BUY;USDT;0.02610337;0.0;
2022-08-22 08:00:00;BUY;USDT;0.01017142;0.0;
2022-08-22 16:00:00;SELL;USDT;0.01290185;0.0;
2022-08-23 00:00:00;BUY;USDT;0.01073236;0.0;
2022-08-23 08:00:00;BUY;USDT;0.01287735;0.0;
2022-08-23 16:00:00;SELL;USDT;0.00272369;0.0;
2022-08-24 00:00:00;SELL;USDT;0.0080963;0.0;
2022-08-24 08:00:00;BUY;USDT;0.01391149;0.0;
2022-08-24 16:00:00;BUY;USDT;0.01146312;0.0;
2022-08-25 00:00:00;SELL;USDT;4.1001E-4;0.0;
2022-08-25 08:00:00;SELL;USDT;0.00504302;0.0;
2022-08-25 16:00:00;SELL;USDT;0.0144903;0.0;
2022-08-26 00:00:00;BUY;USDT;0.00551827;0.0;
2022-08-26 08:00:00;SELL;USDT;0.01031319;0.0;
2022-08-26 15:15:32;SELL;USDT;0.1245948;0.0;
2022-08-26 15:15:32;SELL;USDT;4.8045;0.0;
2022-09-20 01:43:19;BUY;ETHW;0.0342657;0.0;
2022-10-29 21:43:38;SELL;USDT;100.83952459;0.0;
2022-10-29 21:43:38;BUY;USDT;100.83952459;0.0;
2022-11-08 22:06:47;SELL;USDT;100.83952459;0.0;
2022-11-08 22:06:47;BUY;USDT;100.83952459;0.0;
2022-11-08 22:11:12;SELL;USDT;0.0741392;0.0;
2022-11-08 22:19:22;SELL;USDT;0.07439999;0.0;
2022-11-08 22:19:22;SELL;USDT;0.652;0.0;
2022-11-08 22:32:58;SELL;USDT;0.1112496;0.0;
2022-11-09 00:00:00;SELL;USDT;0.0385989;0.0;
2022-11-09 02:36:08;BUY;USDT;5.0175;0.0;
2022-11-09 02:36:08;SELL;USDT;0.1092426;0.0;
2022-11-09 11:23:41;SELL;USDT;0.15653264;0.0;
2022-11-09 16:00:00;SELL;USDT;0.12409915;0.0;
2022-11-09 18:41:07;SELL;USDT;0.1452968;0.0;
2022-11-09 18:41:07;BUY;USDT;28.0896;0.0;
2022-11-09 21:23:16;SELL;USDT;0.006392;0.0;
2022-11-09 21:23:16;SELL;USDT;0.204544;0.0;
2022-11-09 21:41:12;BUY;USDT;2.0625;0.0;
2022-11-09 21:41:12;SELL;USDT;0.210111;0.0;
2022-11-09 21:42:26;SELL;USDT;0.10094976;0.0;
2022-11-10 00:00:00;SELL;USDT;0.30317356;0.0;
2022-11-10 03:21:44;SELL;USDT;11.5088;0.0;
2022-11-10 03:21:44;SELL;USDT;0.10555328;0.0;
2022-11-10 13:30:13;SELL;USDT;0.047572;0.0;
2022-11-10 13:31:27;SELL;USDT;0.098;0.0;
2022-11-10 13:31:27;SELL;USDT;7.14;0.0;
2022-11-13 19:09:15;SELL;USDT;0.0330304;0.0;
2022-11-13 19:09:15;SELL;USDT;0.05284864;0.0;
2022-11-14 00:00:00;SELL;USDT;0.00808211;0.0;
2022-11-14 06:41:32;BUY;USDT;5.1636;0.0;
2022-11-14 06:41:32;SELL;USDT;0.0838136;0.0;
2022-12-22 00:59:43;BUY;LUNA;7.76E-5;0.0;
2023-01-19 00:57:59;BUY;LUNA;7.76E-5;0.0;
2023-02-16 16:28:43;BUY;LUNA;7.76E-5;0.0;
2023-03-24 14:30:07;BUY;LUNA;7.76E-5;0.0;
2023-04-20 14:19:44;BUY;LUNA;7.76E-5;0.0;
2023-05-22 15:40:09;BUY;LUNA;7.76E-5;0.0;
2023-06-03 12:28:37;BUY;BTC;0.00626;0.0;
2023-06-03 12:28:37;SELL;BTC;6.26E-6;0.0;
2023-06-03 12:28:37;SELL;BUSD;170.0965322;0.0;
2023-06-03 12:32:03;SELL;USDT;119.78429536;0.0;
2023-06-03 12:32:03;BUY;USDT;119.78429536;0.0;
2023-06-03 12:32:41;SELL;USDT;119.7812889;0.0;
2023-06-03 12:32:41;BUY;BTC;0.00441;0.0;
2023-06-03 12:32:41;SELL;BTC;4.41E-6;0.0;
2023-06-23 09:53:28;BUY;LUNA;7.76E-5;0.0;
2023-07-20 07:29:10;BUY;LUNA;7.76E-5;0.0;
2023-08-23 13:31:48;BUY;LUNA;7.76E-5;0.0;
2023-09-06 16:32:30;BUY;USDT;27.3483226;0.0;
2023-09-06 16:32:30;SELL;BTC;0.00107;0.0;
2023-09-06 16:32:30;SELL;USDT;0.02734832;0.0;
2023-09-06 17:13:50;BUY;BTC;0.00106;0.0;
2023-09-06 17:13:50;SELL;USDT;27.0572526;0.0;
2023-09-06 17:13:50;SELL;BTC;1.06E-6;0.0;
2023-09-07 22:22:32;DEPOSIT;USDT;230.94;923.76;PLN
2023-09-07 22:26:36;BUY;USDT;230.94;0.0;
2023-09-07 22:26:36;SELL;USDT;230.94;0.0;
2023-09-07 23:13:18;DEPOSIT;USDT;116.0;464.0;PLN
2023-09-07 23:15:02;SELL;USDT;116.0;0.0;
2023-09-07 23:15:02;BUY;USDT;116.0;0.0;
2023-09-08 11:10:56;SELL;USDT;23.17;0.0;
2023-09-08 11:10:56;BUY;USDT;23.17;0.0;
2023-09-08 20:09:33;SELL;USDT;0.02068976;0.0;
2023-09-08 20:32:24;SELL;USDT;0.02068272;0.0;
2023-09-08 20:32:24;BUY;USDT;0.0176;0.0;
2023-09-09 12:51:07;SELL;USDT;0.08270176;0.0;
2023-09-09 13:25:26;SELL;USDT;0.07279999;0.0;
2023-09-09 13:25:26;SELL;USDT;0.04132176;0.0;
2023-09-09 13:25:26;SELL;USDT;0.07279999;0.0;
2023-09-09 13:25:26;SELL;USDT;0.04132176;0.0;
2023-09-09 16:17:30;SELL;USDT;0.17607376;0.0;
2023-09-09 16:33:02;SELL;USDT;0.176273;0.0;
2023-09-09 16:33:02;SELL;USDT;0.4981;0.0;
2023-09-11 17:15:18;SELL;BTC;1.288E-5;0.0;
2023-09-11 17:15:18;BUY;BTC;0.01288;0.0;
2023-09-11 17:15:18;SELL;USDT;323.8194288;0.0;
2023-09-12 17:25:40;SELL;USDT;0.16612736;0.0;
2023-09-12 17:29:44;SELL;USDT;0.16657536;0.0;
2023-09-12 17:29:44;BUY;USDT;1.12;0.0;
2023-09-12 17:33:56;SELL;USDT;0.0103946;0.0;
2023-09-12 17:33:56;SELL;USDT;0.103946;0.0;
2023-09-12 17:33:56;SELL;USDT;0.0103946;0.0;
2023-09-12 17:33:56;SELL;USDT;0.051973;0.0;
2023-09-12 18:10:43;SELL;USDT;0.17592348;0.0;
2023-09-12 18:10:43;SELL;USDT;1.9618;0.0;
2023-09-13 07:29:04;SELL;USDT;0.0103846;0.0;
2023-09-13 07:29:04;SELL;USDT;0.01038455;0.0;
2023-09-13 07:29:04;SELL;USDT;0.0103846;0.0;
2023-09-13 07:29:04;SELL;USDT;0.0103846;0.0;
2023-09-13 07:29:04;SELL;USDT;0.0103846;0.0;
2023-09-13 07:29:04;SELL;USDT;0.01038455;0.0;
2023-09-13 07:29:04;SELL;USDT;0.01038452;0.0;
2023-09-13 07:29:04;SELL;USDT;0.0103846;0.0;
2023-09-13 07:29:04;SELL;USDT;0.06230688;0.0;
2023-09-13 07:29:04;SELL;USDT;0.0103846;0.0;
2023-09-13 08:00:00;BUY;USDT;0.00488863;0.0;
2023-09-13 15:46:27;SELL;USDT;0.15798599;0.0;
2023-09-13 15:46:27;SELL;USDT;5.54469999;0.0;
2023-09-14 08:43:19;SELL;USDT;0.11584144;0.0;
2023-09-14 12:16:13;SELL;USDT;2.4926;0.0;
2023-09-14 12:16:13;SELL;USDT;0.11683848;0.0;
2023-09-17 18:51:57;BUY;USDT;11.87885573;0.0;
2023-09-17 18:51:57;SELL;USDT;11.87885573;0.0;
2023-09-17 18:53:11;SELL;BTC;4.5E-7;0.0;
2023-09-17 18:53:11;BUY;BTC;4.5E-4;0.0;
2023-09-17 18:53:11;SELL;USDT;11.925009;0.0;
2023-09-22 03:16:48;BUY;LUNA;7.76E-5;0.0;
2023-10-16 13:33:38;BUY;USDT;364.7145418;0.0;
2023-10-16 13:33:38;SELL;BTC;0.01246;0.0;
2023-10-16 13:33:38;SELL;USDT;0.36471454;0.0;
2023-10-16 13:42:16;SELL;USDT;364.515;0.0;
2023-10-16 13:42:16;SELL;BTC;1.279E-5;0.0;
2023-10-16 13:42:16;BUY;BTC;0.01279;0.0;
2023-10-20 09:55:36;BUY;LUNA;7.76E-5;0.0;
2023-11-11 08:51:37;SELL;BUSD;0.15593463;0.0;
2023-11-11 08:51:37;BUY;BTC;4.19E-6;0.0;
2023-11-11 08:52:49;BUY;BNB;2.354E-5;0.0;
2023-11-11 08:52:49;BUY;BNB;1.5E-7;0.0;
2023-11-11 08:52:49;SELL;LUNA;0.00165141;0.0;
2023-11-11 08:52:49;SELL;BTCUP;0.00744;0.0;
2023-11-11 08:52:49;BUY;BNB;5.582E-5;0.0;
2023-11-11 08:52:49;BUY;BNB;4.32E-6;0.0;
2023-11-11 08:52:49;SELL;USDT;0.00597333;0.0;
2023-11-11 08:52:49;SELL;BTCDOWN;0.00967;0.0;
2023-11-11 08:52:49;BUY;BNB;2.6982E-4;0.0;
2023-11-11 08:52:49;SELL;LUNC;173.81601;0.0;
2023-11-17 09:27:49;BUY;LUNA;7.76E-5;0.0;
2023-12-05 22:57:24;SELL;BTC;0.02429;0.0;
2023-12-05 22:57:24;SELL;USDT;1.07502901;0.0;
2023-12-05 22:57:24;BUY;USDT;1075.0290061;0.0;
2023-12-05 23:31:32;SELL;BTC;2.368E-5;0.0;
2023-12-05 23:31:32;BUY;BTC;0.02368;0.0;
2023-12-05 23:31:32;SELL;USDT;1041.7468992;0.0;
2023-12-05 23:37:58;SELL;BTC;0.00348;0.0;
2023-12-05 23:37:58;BUY;USDT;299.4519759;0.0;
2023-12-05 23:37:58;SELL;USDT;0.23129477;0.0;
2023-12-05 23:37:58;SELL;BTC;0.00101;0.0;
2023-12-05 23:37:58;SELL;BTC;0.00526;0.0;
2023-12-05 23:37:58;SELL;USDT;0.15302392;0.0;
2023-12-05 23:37:58;SELL;BTC;0.00654;0.0;
2023-12-05 23:37:58;SELL;BTC;5.5E-4;0.0;
2023-12-05 23:37:58;SELL;USDT;0.28757943;0.0;
2023-12-05 23:37:58;SELL;BNB;1.4406E-4;0.0;
2023-12-05 23:37:58;BUY;USDT;24.1848145;0.0;
2023-12-05 23:37:58;BUY;USDT;287.5794306;0.0;
2023-12-05 23:37:58;SELL;USDT;0.29945198;0.0;
2023-12-05 23:37:58;BUY;USDT;231.2947714;0.0;
2023-12-05 23:37:58;SELL;BTC;0.00681;0.0;
2023-12-05 23:37:58;BUY;USDT;44.4121139;0.0;
2023-12-05 23:37:58;SELL;BNB;7.845E-5;0.0;
2023-12-05 23:37:58;BUY;USDT;153.0239172;0.0;
2023-12-08 14:30:55;BUY;BTC;0.02452;0.0;
2023-12-08 14:30:55;SELL;USDT;1071.0340904;0.0;
2023-12-08 14:30:55;SELL;BTC;2.452E-5;0.0;
2023-12-15 03:23:36;BUY;LUNA;7.76E-5;0.0;
2024-01-19 09:04:01;BUY;LUNA;7.76E-5;0.0;
2024-02-20 07:38:34;BUY;LUNA;7.76E-5;0.0;
2024-03-05 20:21:00;DEPOSIT;USDT;245.7;982.8;PLN
2024-03-05 20:26:14;BUY;USDT;245.7;0.0;
2024-03-05 20:26:14;SELL;USDT;245.7;0.0;
2024-03-05 20:40:56;SELL;USDT;117.5223;0.0;
2024-03-05 20:40:56;SELL;BTC;1.91E-6;0.0;
2024-03-05 20:40:56;BUY;BTC;0.00191;0.0;
2024-03-11 07:12:31;BUY;BTC;0.00183;0.0;
2024-03-11 07:12:31;SELL;USDT;128.1;0.0;
2024-03-11 07:12:31;SELL;BTC;1.83E-6;0.0;
2024-03-12 15:26:37;BUY;USDT;19.4335173;0.0;
2024-03-12 15:26:37;SELL;BNB;2.691E-5;0.0;
2024-03-12 15:26:37;SELL;BTC;2.7E-4;0.0;
2024-03-12 15:27:36;SELL;LUNA;3.104E-4;0.0;
2024-03-12 15:27:36;BUY;BNB;6.0E-7;0.0;
2024-03-12 15:28:23;BUY;USDT;19.65987819;0.0;
2024-03-12 15:28:23;SELL;USDT;19.65987819;0.0;
2024-03-12 15:46:48;SELL;USDT;0.01619779;0.0;
2024-03-12 15:46:48;SELL;USDT;0.00404905;0.0;
2024-03-12 15:46:48;SELL;USDT;0.0080984;0.0;
2024-03-12 15:46:48;SELL;USDT;0.020247;0.0;
2024-03-12 15:46:48;SELL;USDT;0.0080984;0.0;
2024-03-12 16:00:04;BUY;USDT;0.03008275;0.0;
2024-03-12 16:04:27;SELL;USDT;0.0564669;0.0;
2024-03-12 16:04:27;BUY;USDT;0.44749999;0.0;
2024-03-12 16:10:33;SELL;USDT;0.0080152;0.0;
2024-03-12 16:10:33;SELL;USDT;0.080152;0.0;
2024-03-12 16:10:33;SELL;USDT;0.0080152;0.0;
2024-03-12 16:12:02;SELL;USDT;0.0079903;0.0;
2024-03-12 16:12:02;SELL;USDT;0.0479412;0.0;
2024-03-12 16:12:02;SELL;USDT;0.0498;0.0;
2024-03-12 16:12:02;SELL;USDT;0.0498;0.0;
2024-03-12 16:12:02;SELL;USDT;0.0319604;0.0;
2024-03-12 16:12:02;SELL;USDT;0.3;0.0;
2024-03-12 16:12:02;SELL;USDT;0.0079903;0.0;
2024-03-12 16:12:02;SELL;USDT;0.2008;0.0;
2024-03-12 16:15:57;SELL;USDT;0.0079735;0.0;
2024-03-12 16:15:57;SELL;USDT;0.0877074;0.0;
2024-03-12 16:23:20;BUY;USDT;2.37416666;0.0;
2024-03-12 16:23:20;SELL;USDT;0.078547;0.0;
2024-03-12 16:23:20;SELL;USDT;0.0078545;0.0;
2024-03-12 16:23:20;SELL;USDT;0.0078545;0.0;
2024-03-12 16:23:20;BUY;USDT;0.23781666;0.0;
2024-03-12 16:23:20;BUY;USDT;0.23781666;0.0;
2024-03-12 16:26:49;SELL;USDT;0.015815;0.0;
2024-03-12 16:26:49;SELL;USDT;0.0474456;0.0;
2024-03-12 16:26:49;SELL;USDT;0.03952399;0.0;
2024-03-12 16:32:40;BUY;USDT;0.16938461;0.0;
2024-03-12 16:32:40;SELL;USDT;0.0079912;0.0;
2024-03-12 16:32:40;SELL;USDT;0.095892;0.0;
2024-03-12 16:32:40;BUY;USDT;2.02781538;0.0;
2024-03-12 16:40:23;SELL;USDT;0.1184505;0.0;
2024-03-12 16:42:11;SELL;USDT;0.06743304;0.0;
2024-03-12 16:42:11;SELL;USDT;0.0079336;0.0;
2024-03-12 16:42:11;BUY;USDT;0.0738;0.0;
2024-03-12 16:42:11;SELL;USDT;0.0436348;0.0;
2024-03-12 16:42:11;BUY;USDT;0.4059;0.0;
2024-03-12 16:42:11;BUY;USDT;0.6222;0.0;
2024-03-12 17:29:06;SELL;USDT;0.120759;0.0;
2024-03-12 19:26:43;SELL;USDT;0.00420104;0.0;
2024-03-12 19:26:43;SELL;USDT;0.3515;0.0;
2024-03-12 19:26:43;SELL;USDT;10.1935;0.0;
2024-03-12 19:26:43;SELL;USDT;0.12183045;0.0;
2024-03-12 19:32:22;SELL;USDT;0.0419365;0.0;
2024-03-12 19:32:22;SELL;USDT;0.0167746;0.0;
2024-03-12 19:32:22;SELL;USDT;0.0083873;0.0;
2024-03-12 20:00:00;BUY;USDT;0.04879204;0.0;
2024-03-12 21:04:24;SELL;USDT;0.0653624;0.0;
2024-03-12 21:04:24;BUY;USDT;3.472;0.0;
2024-03-12 21:08:42;SELL;USDT;0.085827;0.0;
2024-03-13 00:00:05;BUY;USDT;0.0805024;0.0;
2024-03-13 04:00:00;BUY;USDT;0.08457639;0.0;
2024-03-13 08:00:06;BUY;USDT;0.09454597;0.0;
2024-03-13 12:00:00;BUY;USDT;0.0821987;0.0;
2024-03-13 13:52:14;SELL;USDT;0.08224755;0.0;
2024-03-13 13:52:14;BUY;USDT;7.1589;0.0;
2024-03-13 13:55:16;SELL;USDT;0.1095556;0.0;
2024-03-13 13:55:16;SELL;USDT;0.01173825;0.0;
2024-03-13 14:03:58;SELL;USDT;0.0237867;0.0;
2024-03-13 14:03:58;BUY;USDT;1.34407419;0.0;
2024-03-13 14:03:58;SELL;USDT;0.03171559;0.0;
2024-03-13 14:03:58;BUY;USDT;0.10349032;0.0;
2024-03-13 14:03:58;SELL;USDT;0.0515372;0.0;
2024-03-13 14:03:58;SELL;USDT;0.00396444;0.0;
2024-03-13 14:03:58;SELL;USDT;0.0118932;0.0;
2024-03-13 14:03:58;BUY;USDT;0.82792258;0.0;
2024-03-13 14:03:58;BUY;USDT;0.31017096;0.0;
2024-03-13 14:03:58;BUY;USDT;0.62094193;0.0;
2024-03-13 15:01:34;SELL;USDT;0.0823053;0.0;
2024-03-13 15:01:34;SELL;USDT;0.0078385;0.0;
2024-03-13 15:01:34;SELL;USDT;0.0470316;0.0;
2024-03-13 15:18:18;BUY;USDT;1.93446571;0.0;
2024-03-13 15:18:18;BUY;USDT;0.13341142;0.0;
2024-03-13 15:18:18;SELL;USDT;0.11462685;0.0;
2024-03-13 15:18:18;SELL;USDT;0.0079053;0.0;
2024-03-13 15:18:18;SELL;USDT;0.0079053;0.0;
2024-03-13 15:18:18;BUY;USDT;0.13341142;0.0;
2024-03-13 15:18:18;SELL;USDT;0.0079056;0.0;
2024-03-13 15:18:18;BUY;USDT;0.13401142;0.0;
2024-03-13 15:34:52;SELL;USDT;0.1265328;0.0;
2024-03-13 15:34:52;SELL;USDT;0.01977075;0.0;
2024-03-13 16:00:05;SELL;USDT;0.09840776;0.0;
2024-03-13 16:11:30;SELL;USDT;0.4242;0.0;
2024-03-13 16:11:30;SELL;USDT;0.4545;0.0;
2024-03-13 16:11:30;SELL;USDT;0.031512;0.0;
2024-03-13 16:11:30;SELL;USDT;0.059085;0.0;
2024-03-13 16:11:30;SELL;USDT;0.2424;0.0;
2024-03-13 16:11:30;SELL;USDT;0.055146;0.0;
2024-03-13 16:11:48;SELL;USDT;0.137732;0.0;
2024-03-13 16:13:52;SELL;USDT;0.0078714;0.0;
2024-03-13 16:13:52;SELL;USDT;0.01180725;0.0;
2024-03-13 16:13:52;SELL;USDT;0.02799999;0.0;
2024-03-13 16:13:52;SELL;USDT;0.002;0.0;
2024-03-13 16:13:52;SELL;USDT;0.002;0.0;
2024-03-13 16:13:52;SELL;USDT;0.1101996;0.0;
2024-03-13 16:13:52;SELL;USDT;0.0078714;0.0;
2024-03-13 16:13:52;SELL;USDT;0.0033;0.0;
2024-03-14 12:03:34;SELL;USDT;0.0079191;0.0;
2024-03-14 12:03:34;SELL;USDT;0.1267072;0.0;
2024-03-14 16:00:05;SELL;USDT;0.11034202;0.0;
2024-03-14 20:00:00;SELL;USDT;0.08647674;0.0;
2024-03-15 00:00:05;SELL;USDT;0.12446383;0.0;
2024-03-15 03:27:29;SELL;USDT;27.2848;0.0;
2024-03-15 03:27:29;SELL;USDT;0.13501747;0.0;
2024-03-21 09:48:08;BUY;LUNA;7.76E-5;0.0;
2024-04-16 16:57:15;DEPOSIT;USDT;191.84;767.36;PLN
2024-04-16 16:58:16;BUY;USDT;191.84;0.0;
2024-04-16 16:58:16;SELL;USDT;191.84;0.0;
2024-04-16 16:58:35;SELL;BTC;3.06E-6;0.0;
2024-04-16 16:58:35;SELL;USDT;191.24694;0.0;
2024-04-16 16:58:35;BUY;BTC;0.00306;0.0;
2024-04-16 19:27:45;BUY;BNB;8.0E-8;0.0;
2024-04-16 19:27:45;BUY;BNB;0.00108249;0.0;
2024-04-16 19:27:45;SELL;USDT;0.59306;0.0;
2024-04-16 19:27:45;SELL;LUNA;7.76E-5;0.0;
2024-04-19 04:23:54;BUY;LUNA;7.76E-5;0.0;
2024-05-22 05:30:32;BUY;LUNA;7.76E-5;0.0;
2024-06-14 16:58:22;DEPOSIT;USDT;120.72;482.88;PLN
2024-06-14 16:59:12;SELL;USDT;120.72;0.0;
2024-06-14 16:59:12;BUY;USDT;120.72;0.0;
2024-06-14 16:59:41;SELL;BNB;1.5181E-4;0.0;
2024-06-14 16:59:41;SELL;USDT;120.1489824;0.0;
2024-06-14 16:59:41;BUY;BTC;0.00184;0.0;
2024-06-19 03:20:23;BUY;LUNA;7.76E-5;0.0;
2024-07-24 05:27:59;BUY;LUNA;7.76E-5;0.0;
2024-07-25 06:07:02;SELL;BTC;0.00657;0.0;
2024-07-25 06:07:02;SELL;BNB;5.6343E-4;0.0;
2024-07-25 06:07:02;BUY;USDT;422.2069902;0.0;
2024-07-25 06:11:36;BUY;USDT;422.7780078;0.0;
2024-07-25 06:11:36;SELL;USDT;422.7780078;0.0;
2024-08-02 20:28:31;SELL;BNFCR;0.40450865;0.0;
2024-08-03 00:00:00;SELL;BNFCR;0.07992881;0.0;
2024-08-03 08:00:00;SELL;BNFCR;0.07842811;0.0;
2024-08-03 16:00:00;SELL;BNFCR;0.03360094;0.0;
2024-08-04 00:00:00;SELL;BNFCR;0.07888985;0.0;
2024-08-04 07:01:14;SELL;BNFCR;0.4095575;0.0;
2024-08-04 08:00:00;SELL;BNFCR;0.04191788;0.0;
2024-08-04 08:00:00;SELL;BNFCR;0.01328686;0.0;
2024-08-04 16:00:00;SELL;BNFCR;0.05411938;0.0;
2024-08-04 16:00:00;SELL;BNFCR;0.07676942;0.0;
2024-08-05 00:00:00;BUY;BNFCR;0.01283866;0.0;
2024-08-05 00:00:00;SELL;BNFCR;0.07558081;0.0;
2024-08-05 08:00:00;BUY;BNFCR;0.00303432;0.0;
2024-08-05 08:00:00;SELL;BNFCR;0.03032004;0.0;
2024-08-05 16:00:00;BUY;BNFCR;0.03967933;0.0;
2024-08-05 16:00:00;SELL;BNFCR;0.04211678;0.0;
2024-08-06 00:00:00;SELL;BNFCR;0.02502029;0.0;
2024-08-06 00:00:00;BUY;BNFCR;0.01546369;0.0;
2024-08-06 08:00:00;BUY;BNFCR;0.02070383;0.0;
2024-08-06 08:00:00;BUY;BNFCR;0.07560514;0.0;
2024-08-06 16:00:00;SELL;BNFCR;0.03287244;0.0;
2024-08-06 16:00:00;BUY;BNFCR;0.00787996;0.0;
2024-08-07 00:00:00;BUY;BNFCR;0.00531522;0.0;
2024-08-07 00:00:00;BUY;BNFCR;0.02938252;0.0;
2024-08-07 08:00:00;BUY;BNFCR;0.05073486;0.0;
2024-08-07 08:00:00;BUY;BNFCR;0.00434431;0.0;
2024-08-07 16:00:00;SELL;BNFCR;0.02362457;0.0;
2024-08-07 16:00:00;BUY;BNFCR;0.03034698;0.0;
2024-08-08 00:00:00;SELL;BNFCR;0.01888982;0.0;
2024-08-08 00:00:00;BUY;BNFCR;0.02879823;0.0;
2024-08-08 08:00:00;BUY;BNFCR;0.00734307;0.0;
2024-08-08 08:00:00;SELL;BNFCR;0.02293369;0.0;
2024-08-08 16:00:00;SELL;BNFCR;0.00885549;0.0;
2024-08-08 16:00:00;BUY;BNFCR;0.02420142;0.0;
2024-08-09 00:00:00;SELL;BNFCR;0.04003325;0.0;
2024-08-09 00:00:00;SELL;BNFCR;0.008585;0.0;
2024-08-09 08:00:00;SELL;BNFCR;0.03158918;0.0;
2024-08-09 08:00:00;SELL;BNFCR;0.01727485;0.0;
2024-08-09 16:00:00;BUY;BNFCR;0.01978402;0.0;
2024-08-09 16:00:00;SELL;BNFCR;0.0376648;0.0;
2024-08-10 00:00:00;BUY;BNFCR;0.03116202;0.0;
2024-08-10 00:00:00;BUY;BNFCR;0.031018;0.0;
2024-08-10 08:00:00;SELL;BNFCR;0.02592583;0.0;
2024-08-10 08:00:00;BUY;BNFCR;0.01090161;0.0;
2024-08-10 16:00:00;BUY;BNFCR;0.01532396;0.0;
2024-08-10 16:00:00;SELL;BNFCR;0.0117839;0.0;
2024-08-11 00:00:00;SELL;BNFCR;0.03205353;0.0;
2024-08-11 00:00:00;BUY;BNFCR;0.00646562;0.0;
2024-08-11 08:00:00;SELL;BNFCR;0.00731653;0.0;
2024-08-11 08:00:00;BUY;BNFCR;0.01463665;0.0;
2024-08-11 16:00:00;SELL;BNFCR;0.00925838;0.0;
2024-08-11 16:00:00;SELL;BNFCR;0.00254034;0.0;
2024-08-12 00:00:00;SELL;BNFCR;0.00849231;0.0;
2024-08-12 00:00:00;SELL;BNFCR;0.00751595;0.0;
2024-08-12 08:00:00;SELL;BNFCR;0.06696373;0.0;
2024-08-12 08:00:00;SELL;BNFCR;0.04878741;0.0;
2024-08-12 16:00:00;SELL;BNFCR;0.04852014;0.0;
2024-08-12 16:00:00;BUY;BNFCR;0.01750551;0.0;
2024-08-13 00:00:00;SELL;BNFCR;0.06034563;0.0;
2024-08-13 00:00:00;SELL;BNFCR;0.04735209;0.0;
2024-08-13 08:00:00;BUY;BNFCR;0.04489856;0.0;
2024-08-13 08:00:00;SELL;BNFCR;0.00401025;0.0;
2024-08-13 16:00:00;BUY;BNFCR;0.03015278;0.0;
2024-08-13 16:00:00;BUY;BNFCR;0.03375876;0.0;
2024-08-14 00:00:00;SELL;BNFCR;0.00421236;0.0;
2024-08-14 00:00:00;SELL;BNFCR;0.00906878;0.0;
2024-08-14 08:00:00;SELL;BNFCR;0.02425584;0.0;
2024-08-14 08:00:00;BUY;BNFCR;0.01052741;0.0;
2024-08-14 16:00:00;BUY;BNFCR;0.02600297;0.0;
2024-08-14 16:00:00;BUY;BNFCR;0.06031105;0.0;
2024-08-15 00:00:00;BUY;BNFCR;0.06471715;0.0;
2024-08-15 00:00:00;SELL;BNFCR;0.03770119;0.0;
2024-08-15 08:00:00;SELL;BNFCR;0.05710652;0.0;
2024-08-15 08:00:00;SELL;BNFCR;0.04782234;0.0;
2024-08-15 16:00:00;BUY;BNFCR;0.04793106;0.0;
2024-08-15 16:00:00;SELL;BNFCR;0.00496156;0.0;
2024-08-16 00:00:00;BUY;BNFCR;0.00853212;0.0;
2024-08-16 00:00:00;BUY;BNFCR;0.08400394;0.0;
2024-08-16 08:00:00;SELL;BNFCR;0.01547394;0.0;
2024-08-16 08:00:00;BUY;BNFCR;0.05610447;0.0;
2024-08-16 16:00:00;SELL;BNFCR;0.0242709;0.0;
2024-08-16 16:00:00;BUY;BNFCR;0.00420307;0.0;
2024-08-17 00:00:00;SELL;BNFCR;0.01462897;0.0;
2024-08-17 00:00:00;SELL;BNFCR;0.01782675;0.0;
2024-08-17 08:00:00;BUY;BNFCR;0.01814854;0.0;
2024-08-17 08:00:00;SELL;BNFCR;0.03216008;0.0;
2024-08-17 16:00:00;BUY;BNFCR;0.0011729;0.0;
2024-08-17 16:00:00;BUY;BNFCR;0.02541335;0.0;
2024-08-18 00:00:00;SELL;BNFCR;0.00574225;0.0;
2024-08-18 00:00:00;SELL;BNFCR;0.03066071;0.0;
2024-08-18 08:00:00;BUY;BNFCR;0.01024126;0.0;
2024-08-18 08:00:00;BUY;BNFCR;0.0344725;0.0;
2024-08-18 16:00:00;BUY;BNFCR;0.02449211;0.0;
2024-08-18 16:00:00;BUY;BNFCR;0.00106578;0.0;
2024-08-19 00:00:00;BUY;BNFCR;0.02744801;0.0;
2024-08-19 00:00:00;BUY;BNFCR;0.02684969;0.0;
2024-08-19 08:00:00;SELL;BNFCR;0.00630695;0.0;
2024-08-19 08:00:00;BUY;BNFCR;0.05131216;0.0;
2024-08-19 16:00:00;BUY;BNFCR;0.01488539;0.0;
2024-08-19 16:00:00;BUY;BNFCR;0.01110694;0.0;
2024-08-20 00:00:00;SELL;BNFCR;0.0071756;0.0;
2024-08-20 00:00:00;BUY;BNFCR;0.02050966;0.0;
2024-08-20 08:00:00;SELL;BNFCR;0.01067943;0.0;
2024-08-20 08:00:00;SELL;BNFCR;0.014853;0.0;
2024-08-20 16:00:00;SELL;BNFCR;0.01084542;0.0;
2024-08-20 16:00:00;BUY;BNFCR;0.01971436;0.0;
2024-08-21 00:00:00;BUY;BNFCR;0.05180567;0.0;
2024-08-21 00:00:00;SELL;BNFCR;0.00961076;0.0;
2024-08-21 08:00:00;SELL;BNFCR;0.01684258;0.0;
2024-08-21 08:00:00;BUY;BNFCR;0.00458605;0.0;
2024-08-21 16:00:00;SELL;BNFCR;0.00306233;0.0;
2024-08-21 16:00:00;SELL;BNFCR;0.03024899;0.0;
2024-08-22 00:00:00;BUY;BNFCR;0.01771074;0.0;
2024-08-22 00:00:00;BUY;BNFCR;0.00698957;0.0;
2024-08-22 08:00:00;SELL;BNFCR;0.01060214;0.0;
2024-08-22 08:00:00;SELL;BNFCR;0.02624127;0.0;
2024-08-22 16:00:00;BUY;BNFCR;0.05699477;0.0;
2024-08-22 16:00:00;SELL;BNFCR;0.01467545;0.0;
2024-08-23 00:00:00;BUY;BNFCR;0.02611762;0.0;
2024-08-23 00:00:00;SELL;BNFCR;0.04863497;0.0;
2024-08-23 04:13:32;BUY;LUNA;7.76E-5;0.0;
2024-08-23 08:00:00;SELL;BNFCR;0.04551596;0.0;
2024-08-23 08:00:00;SELL;BNFCR;0.01897461;0.0;
2024-08-23 16:00:00;BUY;BNFCR;0.00129036;0.0;
2024-08-23 16:00:00;BUY;BNFCR;0.03451778;0.0;
2024-08-24 00:00:00;BUY;BNFCR;0.00642503;0.0;
2024-08-24 00:00:00;BUY;BNFCR;0.01167109;0.0;
2024-08-24 08:00:00;SELL;BNFCR;0.00751583;0.0;
2024-08-24 08:00:00;BUY;BNFCR;0.00604129;0.0;
2024-08-24 16:00:00;SELL;BNFCR;0.00450539;0.0;
2024-08-24 16:00:00;SELL;BNFCR;0.05315934;0.0;
2024-08-25 00:00:00;BUY;BNFCR;0.02635292;0.0;
2024-08-25 00:00:00;BUY;BNFCR;0.04006202;0.0;
2024-08-25 08:00:00;BUY;BNFCR;0.01270573;0.0;
2024-08-25 08:00:00;SELL;BNFCR;0.0255157;0.0;
2024-08-25 16:00:00;SELL;BNFCR;0.02589892;0.0;
2024-08-25 16:00:00;SELL;BNFCR;0.02002191;0.0;
2024-08-26 00:00:00;SELL;BNFCR;0.02035587;0.0;
2024-08-26 00:00:00;SELL;BNFCR;0.01654476;0.0;
2024-08-26 08:00:00;SELL;BNFCR;0.02850954;0.0;
2024-08-26 08:00:00;SELL;BNFCR;0.0435872;0.0;
2024-08-26 16:00:00;SELL;BNFCR;0.03127713;0.0;
2024-08-26 16:00:00;SELL;BNFCR;0.04846074;0.0;
2024-08-27 00:00:00;SELL;BNFCR;0.07106494;0.0;
2024-08-27 00:00:00;SELL;BNFCR;0.02282351;0.0;
2024-08-27 08:00:00;SELL;BNFCR;0.01431362;0.0;
2024-08-27 08:00:00;SELL;BNFCR;0.03845325;0.0;
2024-08-27 16:00:00;SELL;BNFCR;0.06216568;0.0;
2024-08-27 16:00:00;SELL;BNFCR;0.05381778;0.0;
2024-08-28 00:00:00;BUY;BNFCR;0.04208415;0.0;
2024-08-28 00:00:00;BUY;BNFCR;0.05251896;0.0;
2024-08-28 08:00:00;SELL;BNFCR;0.0185277;0.0;
2024-08-28 08:00:00;BUY;BNFCR;0.00521571;0.0;
2024-08-28 16:00:00;SELL;BNFCR;0.0087626;0.0;
2024-08-28 16:00:00;SELL;BNFCR;0.0102308;0.0;
2024-08-29 00:00:00;BUY;BNFCR;0.00748716;0.0;
2024-08-29 00:00:00;SELL;BNFCR;0.00823805;0.0;
2024-08-29 08:00:00;BUY;BNFCR;0.01272679;0.0;
2024-08-29 08:00:00;SELL;BNFCR;0.00151675;0.0;
2024-08-29 16:00:00;SELL;BNFCR;0.00441477;0.0;
2024-08-29 16:00:00;BUY;BNFCR;0.00295909;0.0;
2024-08-30 00:00:00;SELL;BNFCR;0.00721897;0.0;
2024-08-30 00:00:00;SELL;BNFCR;0.03897816;0.0;
2024-08-30 08:00:00;SELL;BNFCR;0.02755981;0.0;
2024-08-30 08:00:00;SELL;BNFCR;0.0246257;0.0;
2024-08-30 16:00:00;SELL;BNFCR;0.00709909;0.0;
2024-08-30 16:00:00;SELL;BNFCR;0.02209343;0.0;
2024-08-31 00:00:00;BUY;BNFCR;0.01343672;0.0;
2024-08-31 00:00:00;SELL;BNFCR;0.05659148;0.0;
2024-08-31 08:00:00;SELL;BNFCR;0.02747332;0.0;
2024-08-31 08:00:00;SELL;BNFCR;0.05124286;0.0;
2024-08-31 16:00:00;SELL;BNFCR;0.05526757;0.0;
2024-08-31 16:00:00;SELL;BNFCR;0.02913825;0.0;
2024-09-01 00:00:00;SELL;BNFCR;0.03175855;0.0;
2024-09-01 00:00:00;SELL;BNFCR;0.03151794;0.0;
2024-09-01 08:00:00;SELL;BNFCR;0.03682277;0.0;
2024-09-01 08:00:00;BUY;BNFCR;0.02607541;0.0;
2024-09-01 16:00:00;BUY;BNFCR;0.00288942;0.0;
2024-09-01 16:00:00;SELL;BNFCR;0.02914513;0.0;
2024-09-02 00:00:00;BUY;BNFCR;0.01639672;0.0;
2024-09-02 00:00:00;BUY;BNFCR;0.02521479;0.0;
2024-09-02 08:00:00;SELL;BNFCR;0.00185455;0.0;
2024-09-02 08:00:00;SELL;BNFCR;0.02676672;0.0;
2024-09-02 16:00:00;SELL;BNFCR;0.04986855;0.0;
2024-09-02 16:00:00;BUY;BNFCR;0.00276099;0.0;
2024-09-03 00:00:00;SELL;BNFCR;0.04799023;0.0;
2024-09-03 00:00:00;SELL;BNFCR;0.04042023;0.0;
2024-09-03 08:00:00;SELL;BNFCR;0.03934746;0.0;
2024-09-03 08:00:00;SELL;BNFCR;0.03456226;0.0;
2024-09-03 16:00:00;SELL;BNFCR;0.03581359;0.0;
2024-09-03 16:00:00;SELL;BNFCR;0.0344941;0.0;
2024-09-04 00:00:00;SELL;BNFCR;0.01650057;0.0;
2024-09-04 00:00:00;SELL;BNFCR;0.05486374;0.0;
2024-09-04 08:00:00;SELL;BNFCR;0.00774192;0.0;
2024-09-04 08:00:00;BUY;BNFCR;0.00747875;0.0;
2024-09-04 16:00:00;BUY;BNFCR;0.01110408;0.0;
2024-09-04 16:00:00;SELL;BNFCR;0.04022579;0.0;
2024-09-05 00:00:00;SELL;BNFCR;0.03124484;0.0;
2024-09-05 00:00:00;SELL;BNFCR;0.06791582;0.0;
2024-09-05 08:00:00;SELL;BNFCR;0.01504031;0.0;
2024-09-05 08:00:00;SELL;BNFCR;0.01633091;0.0;
2024-09-05 16:00:00;SELL;BNFCR;0.01811308;0.0;
2024-09-05 16:00:00;SELL;BNFCR;0.02108939;0.0;
2024-09-06 00:00:00;SELL;BNFCR;0.01664356;0.0;
2024-09-06 00:00:00;SELL;BNFCR;0.02436183;0.0;
2024-09-06 08:00:00;BUY;BNFCR;7.24E-6;0.0;
2024-09-06 08:00:00;SELL;BNFCR;0.03207428;0.0;
2024-09-06 16:00:00;SELL;BNFCR;0.02577852;0.0;
2024-09-06 16:00:00;SELL;BNFCR;0.01002939;0.0;
2024-09-07 00:00:00;BUY;BNFCR;0.00390512;0.0;
2024-09-07 00:00:00;SELL;BNFCR;0.00150611;0.0;
2024-09-07 08:00:00;BUY;BNFCR;0.05385308;0.0;
2024-09-07 08:00:00;BUY;BNFCR;0.00345146;0.0;
2024-09-07 16:00:00;BUY;BNFCR;0.05150196;0.0;
2024-09-07 16:00:00;SELL;BNFCR;0.01713465;0.0;
2024-09-08 00:00:00;SELL;BNFCR;0.02635557;0.0;
2024-09-08 00:00:00;SELL;BNFCR;0.03424866;0.0;
2024-09-08 08:00:00;SELL;BNFCR;0.01990948;0.0;
2024-09-08 08:00:00;BUY;BNFCR;0.04243389;0.0;
2024-09-08 16:00:00;BUY;BNFCR;0.03659134;0.0;
2024-09-08 16:00:00;SELL;BNFCR;0.01152281;0.0;
2024-09-09 00:00:00;SELL;BNFCR;0.00494909;0.0;
2024-09-09 00:00:00;BUY;BNFCR;0.05407854;0.0;
2024-09-09 08:00:00;BUY;BNFCR;0.05077593;0.0;
2024-09-09 08:00:00;SELL;BNFCR;0.02005533;0.0;
2024-09-09 16:00:00;BUY;BNFCR;0.00744361;0.0;
2024-09-09 16:00:00;BUY;BNFCR;0.02788775;0.0;
2024-09-10 00:00:00;SELL;BNFCR;0.00717009;0.0;
2024-09-10 00:00:00;BUY;BNFCR;0.0446782;0.0;
2024-09-10 08:00:00;BUY;BNFCR;0.02292163;0.0;
2024-09-10 08:00:00;BUY;BNFCR;0.02178157;0.0;
2024-09-10 16:00:00;SELL;BNFCR;0.0014887;0.0;
2024-09-10 16:00:00;BUY;BNFCR;0.0082797;0.0;
2024-09-11 00:00:00;BUY;BNFCR;0.06705065;0.0;
2024-09-11 00:00:00;SELL;BNFCR;0.01666575;0.0;
2024-09-11 08:00:00;SELL;BNFCR;0.01186445;0.0;
2024-09-11 08:00:00;BUY;BNFCR;0.01655536;0.0;
2024-09-11 16:00:00;BUY;BNFCR;0.03840506;0.0;
2024-09-11 16:00:00;BUY;BNFCR;0.01173404;0.0;
2024-09-12 00:00:00;BUY;BNFCR;0.01453479;0.0;
2024-09-12 00:00:00;SELL;BNFCR;0.01703986;0.0;
2024-09-12 08:00:00;BUY;BNFCR;0.00412439;0.0;
2024-09-12 08:00:00;SELL;BNFCR;0.01654206;0.0;
2024-09-12 16:00:00;BUY;BNFCR;0.0220417;0.0;
2024-09-12 16:00:00;SELL;BNFCR;0.00739891;0.0;
2024-09-13 00:00:00;SELL;BNFCR;0.02846572;0.0;
2024-09-13 00:00:00;BUY;BNFCR;5.2113E-4;0.0;
2024-09-13 08:00:00;BUY;BNFCR;0.00656127;0.0;
2024-09-13 08:00:00;SELL;BNFCR;0.03300413;0.0;
2024-09-13 16:00:00;SELL;BNFCR;0.03430924;0.0;
2024-09-13 16:00:00;BUY;BNFCR;0.01893789;0.0;
2024-09-14 00:00:00;BUY;BNFCR;0.06836798;0.0;
2024-09-14 00:00:00;SELL;BNFCR;0.00578926;0.0;
2024-09-14 08:00:00;SELL;BNFCR;0.00671252;0.0;
2024-09-14 08:00:00;BUY;BNFCR;0.00282127;0.0;
2024-09-14 16:00:00;SELL;BNFCR;0.01809609;0.0;
2024-09-14 16:00:00;SELL;BNFCR;9.1702E-4;0.0;
2024-09-15 00:00:00;BUY;BNFCR;0.0038275;0.0;
2024-09-15 00:00:00;BUY;BNFCR;0.00181313;0.0;
2024-09-15 08:00:00;SELL;BNFCR;0.00922036;0.0;
2024-09-15 08:00:00;SELL;BNFCR;7.82E-6;0.0;
2024-09-15 16:00:00;SELL;BNFCR;0.00315152;0.0;
2024-09-15 16:00:00;SELL;BNFCR;0.01441691;0.0;
2024-09-16 00:00:00;SELL;BNFCR;0.01845475;0.0;
2024-09-16 00:00:00;SELL;BNFCR;0.02099735;0.0;
2024-09-16 08:00:00;BUY;BNFCR;0.04504876;0.0;
2024-09-16 08:00:00;SELL;BNFCR;0.02727796;0.0;
2024-09-16 16:00:00;SELL;BNFCR;0.05086342;0.0;
2024-09-16 16:00:00;BUY;BNFCR;0.00738307;0.0;
2024-09-17 00:00:00;SELL;BNFCR;0.06451588;0.0;
2024-09-17 00:00:00;SELL;BNFCR;0.04992191;0.0;
2024-09-17 08:00:00;SELL;BNFCR;0.01571502;0.0;
2024-09-17 08:00:00;SELL;BNFCR;0.01457494;0.0;
2024-09-17 16:00:00;SELL;BNFCR;0.04231997;0.0;
2024-09-17 16:00:00;SELL;BNFCR;0.0383673;0.0;
2024-09-18 00:00:00;SELL;BNFCR;0.01053229;0.0;
2024-09-18 00:00:00;SELL;BNFCR;0.03151764;0.0;
2024-09-18 08:00:00;SELL;BNFCR;0.01317624;0.0;
2024-09-18 08:00:00;SELL;BNFCR;0.02011596;0.0;
2024-09-18 16:00:00;SELL;BNFCR;0.01502032;0.0;
2024-09-18 16:00:00;SELL;BNFCR;0.03589611;0.0;
2024-09-19 00:00:00;SELL;BNFCR;0.0281828;0.0;
2024-09-19 00:00:00;SELL;BNFCR;0.05154034;0.0;
2024-09-19 08:00:00;SELL;BNFCR;0.02378994;0.0;
2024-09-19 08:00:00;SELL;BNFCR;0.05659078;0.0;
2024-09-19 16:00:00;SELL;BNFCR;0.03341742;0.0;
2024-09-19 16:00:00;SELL;BNFCR;0.01638731;0.0;
2024-09-20 00:00:00;SELL;BNFCR;0.06597822;0.0;
2024-09-20 00:00:00;SELL;BNFCR;0.06925385;0.0;
2024-09-20 08:00:00;SELL;BNFCR;0.07001318;0.0;
2024-09-20 08:00:00;BUY;BNFCR;0.00415189;0.0;
2024-09-20 16:00:00;SELL;BNFCR;0.04548047;0.0;
2024-09-20 16:00:00;SELL;BNFCR;0.07191267;0.0;
2024-09-21 00:00:00;SELL;BNFCR;0.03809449;0.0;
2024-09-21 00:00:00;SELL;BNFCR;0.04797119;0.0;
2024-09-21 08:00:00;SELL;BNFCR;0.047845;0.0;
2024-09-21 08:00:00;SELL;BNFCR;0.08198141;0.0;
2024-09-21 16:00:00;SELL;BNFCR;0.06759338;0.0;
2024-09-21 16:00:00;SELL;BNFCR;0.03261176;0.0;
2024-09-22 00:00:00;SELL;BNFCR;0.0359303;0.0;
2024-09-22 00:00:00;SELL;BNFCR;0.05173617;0.0;
2024-09-22 08:00:00;SELL;BNFCR;0.03778276;0.0;
2024-09-22 08:00:00;SELL;BNFCR;0.07568114;0.0;
2024-09-22 16:00:00;SELL;BNFCR;0.04508042;0.0;
2024-09-22 16:00:00;SELL;BNFCR;0.07221013;0.0;
2024-09-23 00:00:00;SELL;BNFCR;0.05408701;0.0;
2024-09-23 00:00:00;SELL;BNFCR;0.01847354;0.0;
2024-09-23 08:00:00;SELL;BNFCR;0.01126334;0.0;
2024-09-23 08:00:00;SELL;BNFCR;0.0507021;0.0;
2024-09-23 16:00:00;SELL;BNFCR;0.04866154;0.0;
2024-09-23 16:00:00;SELL;BNFCR;0.04384643;0.0;
2024-09-24 00:00:00;SELL;BNFCR;0.01912522;0.0;
2024-09-24 00:00:00;SELL;BNFCR;0.02862567;0.0;
2024-09-24 08:00:00;SELL;BNFCR;0.03562206;0.0;
2024-09-24 08:00:00;SELL;BNFCR;0.02391025;0.0;
2024-09-24 09:02:05;BUY;LUNA;7.76E-5;0.0;
2024-09-24 16:00:00;SELL;BNFCR;0.03477853;0.0;
2024-09-24 16:00:00;BUY;BNFCR;0.00149362;0.0;
2024-09-25 00:00:00;SELL;BNFCR;0.01021402;0.0;
2024-09-25 00:00:00;SELL;BNFCR;0.01822043;0.0;
2024-09-25 08:00:00;SELL;BNFCR;0.00946574;0.0;
2024-09-25 08:00:00;SELL;BNFCR;0.0421359;0.0;
2024-09-25 16:00:00;SELL;BNFCR;0.02584773;0.0;
2024-09-25 16:00:00;SELL;BNFCR;0.01102346;0.0;
2024-09-26 00:00:00;SELL;BNFCR;0.01353949;0.0;
2024-09-26 00:00:00;SELL;BNFCR;0.05429774;0.0;
2024-09-26 08:00:00;SELL;BNFCR;0.05997661;0.0;
2024-09-26 08:00:00;SELL;BNFCR;0.05182332;0.0;
2024-09-26 16:00:00;SELL;BNFCR;0.0744958;0.0;
2024-09-26 16:00:00;SELL;BNFCR;0.08475478;0.0;
2024-09-27 00:00:00;SELL;BNFCR;0.08468769;0.0;
2024-09-27 00:00:00;SELL;BNFCR;0.07116296;0.0;
2024-09-27 08:00:00;SELL;BNFCR;0.05718842;0.0;
2024-09-27 08:00:00;SELL;BNFCR;0.05742438;0.0;
2024-09-27 16:00:00;SELL;BNFCR;0.04730491;0.0;
2024-09-27 16:00:00;SELL;BNFCR;0.01951206;0.0;
2024-09-28 00:00:00;SELL;BNFCR;0.07568819;0.0;
2024-09-28 00:00:00;SELL;BNFCR;0.04662632;0.0;
2024-09-28 08:00:00;SELL;BNFCR;0.07099203;0.0;
2024-09-28 08:00:00;SELL;BNFCR;0.04687171;0.0;
2024-09-28 16:00:00;SELL;BNFCR;0.01205772;0.0;
2024-09-28 16:00:00;SELL;BNFCR;0.05371041;0.0;
2024-09-29 00:00:00;SELL;BNFCR;0.00620416;0.0;
2024-09-29 00:00:00;SELL;BNFCR;0.02490768;0.0;
2024-09-29 08:00:00;SELL;BNFCR;0.05032602;0.0;
2024-09-29 08:00:00;SELL;BNFCR;0.02661248;0.0;
2024-09-29 16:00:00;SELL;BNFCR;0.06630326;0.0;
2024-09-29 16:00:00;SELL;BNFCR;0.06196673;0.0;
2024-09-30 00:00:00;SELL;BNFCR;0.0262293;0.0;
2024-09-30 00:00:00;SELL;BNFCR;0.04599097;0.0;
2024-09-30 08:00:00;SELL;BNFCR;0.06386667;0.0;
2024-09-30 08:00:00;SELL;BNFCR;0.06660876;0.0;
2024-09-30 16:00:00;SELL;BNFCR;0.07292062;0.0;
2024-09-30 16:00:00;SELL;BNFCR;0.08259641;0.0;
2024-10-01 00:00:00;SELL;BNFCR;0.07310239;0.0;
2024-10-01 00:00:00;SELL;BNFCR;0.08230793;0.0;
2024-10-01 08:00:00;SELL;BNFCR;0.07431859;0.0;
2024-10-01 08:00:00;SELL;BNFCR;0.08322209;0.0;
2024-10-01 16:00:00;SELL;BNFCR;0.08142105;0.0;
2024-10-01 16:00:00;SELL;BNFCR;0.05956546;0.0;
2024-10-01 22:36:06;SELL;BNFCR;0.34469286;0.0;
2024-10-01 22:36:06;SELL;BNFCR;129.72927;0.0;
2024-10-01 22:36:12;SELL;BNFCR;18.5939;0.0;
2024-10-01 22:36:12;SELL;BNFCR;0.3952117;0.0;
2024-10-02 02:34:37;SELL;BNFCR;0.5233926;0.0;
2024-10-02 08:00:00;SELL;BNFCR;0.08820738;0.0;
2024-10-02 16:00:00;SELL;BNFCR;0.08612655;0.0;
2024-10-03 00:00:00;SELL;BNFCR;0.04514989;0.0;
2024-10-03 08:00:00;SELL;BNFCR;0.03878759;0.0;
2024-10-03 16:00:00;SELL;BNFCR;0.0514124;0.0;
2024-10-04 00:00:00;SELL;BNFCR;0.07326675;0.0;
2024-10-04 08:00:00;SELL;BNFCR;0.02212011;0.0;
2024-10-04 16:00:00;SELL;BNFCR;0.0025546;0.0;
2024-10-05 00:00:00;BUY;BNFCR;0.01683711;0.0;
2024-10-05 08:00:00;SELL;BNFCR;0.01147665;0.0;
2024-10-05 16:00:00;SELL;BNFCR;0.00909505;0.0;
2024-10-06 00:00:00;SELL;BNFCR;0.00603187;0.0;
2024-10-06 08:00:00;SELL;BNFCR;0.03461187;0.0;
2024-10-06 16:00:00;SELL;BNFCR;0.04454918;0.0;
2024-10-07 00:00:00;SELL;BNFCR;0.048815;0.0;
2024-10-07 08:00:00;BUY;BNFCR;0.01027845;0.0;
2024-10-07 16:00:00;SELL;BNFCR;0.02355;0.0;
2024-10-08 00:00:00;BUY;BNFCR;0.0177431;0.0;
2024-10-08 08:00:00;SELL;BNFCR;0.07512218;0.0;
2024-10-08 16:00:00;SELL;BNFCR;0.08573188;0.0;
2024-10-09 00:00:00;SELL;BNFCR;0.10562615;0.0;
2024-10-09 08:00:00;SELL;BNFCR;0.05436761;0.0;
2024-10-09 16:00:00;SELL;BNFCR;0.0840621;0.0;
2024-10-10 00:00:00;SELL;BNFCR;0.02153383;0.0;
2024-10-10 08:00:00;SELL;BNFCR;0.01585424;0.0;
2024-10-10 16:00:00;SELL;BNFCR;0.10330666;0.0;
2024-10-11 00:00:00;SELL;BNFCR;0.02286763;0.0;
2024-10-11 08:00:00;BUY;BNFCR;0.01932138;0.0;
2024-10-11 16:00:00;SELL;BNFCR;0.0012694;0.0;
2024-10-12 00:00:00;SELL;BNFCR;0.04843572;0.0;
2024-10-12 08:00:00;SELL;BNFCR;0.08173548;0.0;
2024-10-12 16:00:00;BUY;BNFCR;0.01597878;0.0;
2024-10-13 00:00:00;SELL;BNFCR;0.00744275;0.0;
2024-10-13 08:00:00;SELL;BNFCR;0.01749255;0.0;
2024-10-13 16:00:00;SELL;BNFCR;0.04163719;0.0;
2024-10-14 00:00:00;SELL;BNFCR;0.05799794;0.0;
2024-10-14 08:00:00;SELL;BNFCR;0.10982635;0.0;
2024-10-14 16:00:00;SELL;BNFCR;0.11195148;0.0;
2024-10-15 00:00:00;SELL;BNFCR;0.11231032;0.0;
2024-10-15 08:00:00;SELL;BNFCR;0.11158511;0.0;
2024-10-15 16:00:00;SELL;BNFCR;0.11219098;0.0;
2024-10-16 00:00:00;SELL;BNFCR;0.09489058;0.0;
2024-10-16 08:00:00;SELL;BNFCR;0.09674116;0.0;
2024-10-16 16:00:00;SELL;BNFCR;0.1151342;0.0;
2024-10-17 00:00:00;SELL;BNFCR;0.11490982;0.0;
2024-10-17 08:00:00;SELL;BNFCR;0.11437823;0.0;
2024-10-17 16:00:00;SELL;BNFCR;0.11485506;0.0;
2024-10-18 00:00:00;SELL;BNFCR;0.1145905;0.0;
2024-10-18 08:00:00;SELL;BNFCR;0.11552583;0.0;
2024-10-18 16:00:00;SELL;BNFCR;0.116807;0.0;
2024-10-19 00:00:00;SELL;BNFCR;0.11629343;0.0;
2024-10-19 08:00:00;SELL;BNFCR;0.11615896;0.0;
2024-10-19 16:00:00;SELL;BNFCR;0.11595718;0.0;
2024-10-20 00:00:00;SELL;BNFCR;0.11620707;0.0;
2024-10-20 08:00:00;SELL;BNFCR;0.11619564;0.0;
2024-10-20 16:00:00;SELL;BNFCR;0.1166285;0.0;
2024-10-21 00:00:00;SELL;BNFCR;0.11733723;0.0;
2024-10-21 08:00:00;SELL;BNFCR;0.1164736;0.0;
2024-10-21 16:00:00;SELL;BNFCR;0.1144938;0.0;
2024-10-21 16:08:51;BUY;LUNA;7.76E-5;0.0;
2024-10-22 00:00:00;SELL;BNFCR;0.11452679;0.0;
2024-10-22 08:00:00;SELL;BNFCR;0.11455841;0.0;
2024-10-22 16:00:00;SELL;BNFCR;0.11436161;0.0;
2024-10-23 00:00:00;SELL;BNFCR;0.11459805;0.0;
2024-10-23 08:00:00;SELL;BNFCR;0.1136246;0.0;
2024-10-23 16:00:00;SELL;BNFCR;0.11255208;0.0;
2024-10-24 00:00:00;SELL;BNFCR;0.11330443;0.0;
2024-10-24 08:00:00;SELL;BNFCR;0.11407765;0.0;
2024-10-24 16:00:00;SELL;BNFCR;0.11504382;0.0;
2024-10-25 00:00:00;SELL;BNFCR;0.11589848;0.0;
2024-10-25 08:00:00;SELL;BNFCR;0.11475612;0.0;
2024-10-25 16:00:00;SELL;BNFCR;0.11503416;0.0;
2024-10-26 00:00:00;SELL;BNFCR;0.05390065;0.0;
2024-10-26 08:00:00;SELL;BNFCR;0.08618857;0.0;
2024-10-26 16:00:00;SELL;BNFCR;0.11366914;0.0;
2024-10-27 00:00:00;SELL;BNFCR;0.11402223;0.0;
2024-10-27 08:00:00;SELL;BNFCR;0.11104531;0.0;
2024-10-27 16:00:00;SELL;BNFCR;0.11519362;0.0;
2024-10-28 00:00:00;SELL;BNFCR;0.10894851;0.0;
2024-10-28 08:00:00;SELL;BNFCR;0.11627268;0.0;
2024-10-28 16:00:00;SELL;BNFCR;0.1041205;0.0;
2024-10-29 00:00:00;SELL;BNFCR;0.118898;0.0;
2024-10-29 08:00:00;SELL;BNFCR;0.12068653;0.0;
2024-10-29 16:00:00;SELL;BNFCR;0.12305079;0.0;
2024-10-30 00:00:00;SELL;BNFCR;0.12365594;0.0;
2024-10-30 08:00:00;SELL;BNFCR;0.12281633;0.0;
2024-10-30 16:00:00;SELL;BNFCR;0.12250262;0.0;
2024-10-31 00:00:00;SELL;BNFCR;0.12299613;0.0;
2024-10-31 08:00:00;SELL;BNFCR;0.12311026;0.0;
2024-10-31 16:00:00;SELL;BNFCR;0.12008419;0.0;
2024-11-01 00:00:00;SELL;BNFCR;0.11954087;0.0;
2024-11-01 08:00:00;SELL;BNFCR;0.11781028;0.0;
2024-11-01 16:00:00;SELL;BNFCR;0.11794709;0.0;
2024-11-02 00:00:00;SELL;BNFCR;0.11814353;0.0;
2024-11-02 08:00:00;SELL;BNFCR;0.11868379;0.0;
2024-11-02 16:00:00;SELL;BNFCR;0.11797455;0.0;
2024-11-03 00:00:00;SELL;BNFCR;0.11792322;0.0;
2024-11-03 08:00:00;SELL;BNFCR;0.1162718;0.0;
2024-11-03 16:00:00;SELL;BNFCR;0.11576324;0.0;
2024-11-04 00:00:00;SELL;BNFCR;0.11689625;0.0;
2024-11-04 08:00:00;SELL;BNFCR;0.11662486;0.0;
2024-11-04 12:36:55;BUY;USDT;399.573542;0.0;
2024-11-04 12:36:55;SELL;BTC;0.0058;0.0;
2024-11-04 12:36:55;SELL;USDT;0.39957354;0.0;
2024-11-04 12:39:25;SELL;USDT;1.0;0.0;
2024-11-04 12:39:26;BUY;USDT;1.0;0.0;
2024-11-04 12:42:17;SELL;USDT;1.0;0.0;
2024-11-04 12:42:17;BUY;USDT;1.0;0.0;
2024-11-04 12:43:56;BUY;USDC;398.68660577;0.0;
2024-11-04 12:43:57;SELL;USDT;399.17;0.0;
2024-11-04 12:52:19;SELL;USDC;398.0;0.0;
2024-11-04 12:52:19;BUY;USDT;398.2786;0.0;
2024-11-04 12:53:01;BUY;USDC;397.78235165;0.0;
2024-11-04 12:53:01;SELL;USDT;398.28;0.0;
2024-11-04 12:57:57;BUY;USDT;398.2786;0.0;
2024-11-04 12:57:57;SELL;USDC;398.0;0.0;
2024-11-04 13:23:45;BUY;BTC;0.00575;0.0;
2024-11-04 13:23:45;SELL;BTC;5.75E-6;0.0;
2024-11-04 13:23:45;SELL;USDT;398.0610575;0.0;
2024-11-04 13:24:12;BUY;BNB;3.8315E-4;0.0;
2024-11-04 13:24:12;SELL;LUNA;5.432E-4;0.0;
2024-11-04 13:24:12;BUY;BNB;3.0E-7;0.0;
2024-11-04 13:24:12;BUY;BNB;8.1687E-4;0.0;
2024-11-04 13:24:12;SELL;USDT;0.22011096;0.0;
2024-11-04 13:24:12;SELL;USDC;0.46895742;0.0;
2024-11-04 13:25:34;BUY;BTC;0.0043;0.0;
2024-11-04 13:25:34;SELL;BTC;0.0043;0.0;
2024-11-04 16:00:00;SELL;BNFCR;0.11666023;0.0;
2024-11-05 00:00:00;SELL;BNFCR;0.11532226;0.0;
2024-11-05 08:00:00;SELL;BNFCR;0.1170892;0.0;
2024-11-05 16:00:00;SELL;BNFCR;0.11832849;0.0;
2024-11-06 00:00:00;SELL;BNFCR;0.11790027;0.0;
2024-11-06 07:50:16;SELL;BNFCR;0.8866656;0.0;
2024-11-06 08:00:00;SELL;BNFCR;0.30103636;0.0;
2024-11-06 16:00:00;SELL;BNFCR;0.30462962;0.0;
2024-11-07 00:00:00;SELL;BNFCR;0.30985883;0.0;
2024-11-07 04:49:54;BUY;BNFCR;241.05839999;0.0;
2024-11-07 04:49:54;SELL;BNFCR;1.5305874;0.0;
2024-11-09 13:47:06;BUY;BTC;0.0043;0.0;
2024-11-09 13:47:06;SELL;BTC;0.0043;0.0;
2024-11-09 13:47:22;BUY;USDT;422.7780078;0.0;
2024-11-09 13:47:22;SELL;USDT;422.7780078;0.0;
2024-11-09 13:48:47;BUY;BTC;0.00553;0.0;
2024-11-09 13:48:47;SELL;USDT;422.17126;0.0;
2024-11-09 13:48:47;SELL;BNB;5.0727E-4;0.0;
2024-11-09 17:15:30;SELL;BNFCR;0.18955475;0.0;
2024-11-10 00:00:00;BUY;BNFCR;0.03833804;0.0;
2024-11-10 00:57:55;SELL;BNFCR;0.192617;0.0;
2024-11-10 00:57:55;SELL;BNFCR;6.1245;0.0;
2024-11-10 11:57:11;SELL;BNFCR;0.040001;0.0;
2024-11-10 11:57:11;SELL;BNFCR;0.120003;0.0;
2024-11-10 12:14:14;SELL;BNFCR;0.1589122;0.0;
2024-11-10 12:14:14;BUY;BNFCR;2.1836;0.0;
2024-11-10 17:38:54;SELL;BNFCR;0.321384;0.0;
2024-11-10 18:20:07;SELL;BNFCR;0.3230816;0.0;
2024-11-10 18:20:07;BUY;BNFCR;3.3952;0.0;
2024-11-10 18:27:03;SELL;BNFCR;0.8513631;0.0;
2024-11-10 18:33:02;BUY;BNFCR;5.7855;0.0;
2024-11-10 18:33:02;SELL;BNFCR;0.84847035;0.0;
2024-11-10 18:39:17;SELL;BNFCR;0.9306973;0.0;
2024-11-10 18:43:04;SELL;BNFCR;0.93013725;0.0;
2024-11-10 18:43:04;BUY;BNFCR;1.1201;0.0;
2024-11-10 18:44:47;SELL;BNFCR;0.71994325;0.0;
2024-11-10 19:02:51;SELL;BNFCR;0.14199724;0.0;
2024-11-10 19:22:03;SELL;BNFCR;0.85489202;0.0;
2024-11-10 19:22:03;SELL;BNFCR;14.09692999;0.0;
2024-11-10 21:40:54;SELL;BNFCR;0.67339166;0.0;
2024-11-10 22:31:51;SELL;BNFCR;0.68362728;0.0;
2024-11-10 22:31:51;BUY;BNFCR;20.47124;0.0;
2024-11-10 23:27:52;BUY;BTC;9.6193E-4;0.0;
2024-11-10 23:27:52;SELL;BNFCR;77.27;0.0;
2024-11-10 23:31:02;BUY;BTC;9.6193E-4;0.0;
2024-11-10 23:31:02;SELL;BTC;9.6193E-4;0.0;
2024-11-10 23:39:04;SELL;BTC;0.001;0.0;
2024-11-10 23:39:04;BUY;BTC;0.001;0.0;
2024-11-10 23:40:52;SELL;BTC;0.001;0.0;
2024-11-10 23:40:52;BUY;BTC;0.001;0.0;
2024-11-10 23:42:25;BUY;BNB;9.4788E-4;0.0;
2024-11-10 23:42:25;SELL;USDT;0.6067478;0.0;
2024-11-11 10:13:32;SELL;BTC;0.001;0.0;
2024-11-11 10:13:32;BUY;USDC;81.60401435;0.0;
2024-11-11 10:14:17;SELL;BTC;0.001;0.0;
2024-11-11 10:14:17;BUY;USDC;81.67058941;0.0;
2024-11-11 10:15:50;SELL;BTC;0.001;0.0;
2024-11-11 10:15:50;BUY;BTC;0.001;0.0;
2024-11-11 10:17:06;BUY;BTC;0.001;0.0;
2024-11-11 10:17:06;SELL;BTC;0.001;0.0;
2024-11-11 10:18:04;SELL;BNB;1.149E-4;0.0;
2024-11-11 10:18:04;SELL;USDC;95.9403;0.0;
2024-11-11 10:18:04;BUY;ETH;0.03;0.0;
2024-11-11 10:18:05;SELL;USDC;67.15821;0.0;
2024-11-11 10:18:05;SELL;BNB;8.043E-5;0.0;
2024-11-11 10:18:05;BUY;ETH;0.021;0.0;
2024-11-11 19:48:47;SELL;BTC;0.002;0.0;
2024-11-11 19:48:47;BUY;BTC;0.002;0.0;
2024-11-11 19:50:32;SELL;BNFCR;1.60621924;0.0;
2024-11-11 20:03:29;SELL;BNFCR;0.67433016;0.0;
2024-11-11 20:06:53;SELL;BNFCR;0.08074244;0.0;
2024-11-11 20:09:43;SELL;BNFCR;0.57308784;0.0;
2024-11-11 20:12:55;SELL;BNFCR;2.94001519;0.0;
2024-11-11 20:12:55;BUY;BNFCR;11.27099;0.0;
2024-11-11 20:14:35;SELL;BNFCR;2.46350028;0.0;
2024-11-11 20:15:01;SELL;BNFCR;0.07146965;0.0;
2024-11-11 20:16:42;SELL;BNFCR;0.06004916;0.0;
2024-11-11 20:16:42;SELL;BNFCR;0.01492065;0.0;
2024-11-11 20:16:42;SELL;BNFCR;10.12162083;0.0;
2024-11-11 20:16:42;SELL;BNFCR;2.51495845;0.0;
2024-11-11 20:17:40;SELL;BNFCR;0.06309766;0.0;
2024-11-11 20:17:40;SELL;BNFCR;0.01162273;0.0;
2024-11-11 20:17:40;SELL;BNFCR;0.01162262;0.0;
2024-11-11 20:17:40;SELL;BNFCR;0.01162283;0.0;
2024-11-11 20:17:40;SELL;BNFCR;0.01660464;0.0;
2024-11-11 20:17:40;SELL;BNFCR;0.01162297;0.0;
2024-11-11 20:17:40;SELL;BNFCR;0.01162297;0.0;
2024-11-11 20:17:40;SELL;BNFCR;0.02490615;0.0;
2024-11-11 20:17:40;SELL;BNFCR;1.30505475;0.0;
2024-11-11 20:17:40;SELL;BNFCR;0.01162238;0.0;
2024-11-11 20:17:40;SELL;BNFCR;0.0249066;0.0;
2024-11-11 20:17:40;SELL;BNFCR;0.02490547;0.0;
2024-11-11 20:17:40;SELL;BNFCR;0.02490525;0.0;
2024-11-11 20:17:40;SELL;BNFCR;0.07637518;0.0;
2024-11-11 20:17:40;SELL;BNFCR;0.02490502;0.0;
2024-11-11 20:17:40;SELL;BNFCR;0.01162266;0.0;
2024-11-11 20:17:40;SELL;BNFCR;0.0249057;0.0;
2024-11-11 20:17:40;SELL;BNFCR;0.01162269;0.0;
2024-11-11 20:17:40;SELL;BNFCR;0.01162238;0.0;
2024-11-11 20:17:40;SELL;BNFCR;0.01162238;0.0;
2024-11-11 20:17:40;SELL;BNFCR;0.01162308;0.0;
2024-11-11 20:17:40;SELL;BNFCR;0.01162318;0.0;
2024-11-11 20:17:40;SELL;BNFCR;0.01660464;0.0;
2024-11-11 20:17:40;SELL;BNFCR;0.10128836;0.0;
2024-11-11 20:17:40;SELL;BNFCR;0.01162322;0.0;
2024-11-11 20:17:40;SELL;BNFCR;0.01162318;0.0;
2024-11-11 20:17:40;SELL;BNFCR;0.01162273;0.0;
2024-11-11 20:17:40;SELL;BNFCR;0.07306045;0.0;
2024-11-11 20:17:40;SELL;BNFCR;0.02490592;0.0;
2024-11-11 20:17:40;SELL;BNFCR;0.01162301;0.0;
2024-11-11 20:17:40;SELL;BNFCR;0.01162308;0.0;
2024-11-11 20:17:40;SELL;BNFCR;0.01162252;0.0;
2024-11-11 20:17:40;SELL;BNFCR;0.01162262;0.0;
2024-11-11 20:17:40;SELL;BNFCR;0.01162283;0.0;
2024-11-11 20:17:40;SELL;BNFCR;0.12619533;0.0;
2024-11-11 20:17:40;SELL;BNFCR;0.06973385;0.0;
2024-11-11 20:17:40;SELL;BNFCR;0.01162266;0.0;
2024-11-11 20:17:40;SELL;BNFCR;0.02490682;0.0;
2024-11-11 20:17:40;SELL;BNFCR;0.02490637;0.0;
2024-11-11 20:17:40;SELL;BNFCR;0.01162252;0.0;
2024-11-11 20:22:09;SELL;BNFCR;0.22045814;0.0;
2024-11-11 20:22:09;BUY;BNFCR;0.23058113;0.0;
2024-11-11 20:22:09;SELL;BNFCR;0.04309708;0.0;
2024-11-11 20:22:09;SELL;BNFCR;0.09613964;0.0;
2024-11-11 20:22:09;BUY;BNFCR;0.14622218;0.0;
2024-11-11 20:22:09;BUY;BNFCR;0.03936751;0.0;
2024-11-11 20:22:09;BUY;BNFCR;0.7479827;0.0;
2024-11-11 20:22:09;BUY;BNFCR;0.07311109;0.0;
2024-11-11 20:22:09;SELL;BNFCR;0.97962978;0.0;
2024-11-11 20:22:09;SELL;BNFCR;0.83376274;0.0;
2024-11-11 20:22:09;BUY;BNFCR;2.82883684;0.0;
2024-11-11 20:22:09;SELL;BNFCR;0.01160306;0.0;
2024-11-11 20:22:09;SELL;BNFCR;0.0497274;0.0;
2024-11-11 20:22:09;SELL;BNFCR;0.06796078;0.0;
2024-11-11 20:22:09;BUY;BNFCR;0.1687179;0.0;
2024-11-11 20:22:09;BUY;BNFCR;0.32618794;0.0;
2024-11-11 20:22:09;BUY;BNFCR;3.32374268;0.0;
2024-11-11 20:22:09;SELL;BNFCR;0.02154854;0.0;
2024-11-11 20:23:11;SELL;BNFCR;0.4117172;0.0;
2024-11-11 20:23:11;SELL;BNFCR;1.85438755;0.0;
2024-11-11 20:24:46;SELL;BNFCR;2.26439167;0.0;
2024-11-11 20:24:46;SELL;BNFCR;3.42615;0.0;
2024-11-11 20:25:58;SELL;BNFCR;0.0165946;0.0;
2024-11-11 20:25:58;SELL;BNFCR;2.16393584;0.0;
2024-11-11 20:30:03;SELL;BNFCR;2.18351979;0.0;
2024-11-11 20:30:03;BUY;BNFCR;5.9787;0.0;
2024-11-11 20:30:19;SELL;BNFCR;0.01163302;0.0;
2024-11-11 20:30:19;SELL;BNFCR;0.01163347;0.0;
2024-11-11 20:30:19;SELL;BNFCR;0.06813892;0.0;
2024-11-11 20:30:19;SELL;BNFCR;0.08309424;0.0;
2024-11-11 20:30:19;SELL;BNFCR;0.90076335;0.0;
2024-11-11 20:30:19;SELL;BNFCR;0.02991258;0.0;
2024-11-11 20:30:19;SELL;BNFCR;0.01163288;0.0;
2024-11-11 20:30:19;SELL;BNFCR;0.0997083;0.0;
2024-11-11 20:30:19;SELL;BNFCR;0.02492707;0.0;
2024-11-11 20:30:19;SELL;BNFCR;0.01163326;0.0;
2024-11-11 20:30:19;SELL;BNFCR;0.01163298;0.0;
2024-11-11 20:30:19;SELL;BNFCR;0.02492752;0.0;
2024-11-11 20:30:19;SELL;BNFCR;0.01163302;0.0;
2024-11-11 20:30:19;SELL;BNFCR;0.02991384;0.0;
2024-11-11 20:30:19;SELL;BNFCR;0.01163326;0.0;
2024-11-11 20:30:19;SELL;BNFCR;0.02492842;0.0;
2024-11-11 20:30:19;SELL;BNFCR;0.02492775;0.0;
2024-11-11 20:30:19;SELL;BNFCR;0.02492797;0.0;
2024-11-11 20:30:19;SELL;BNFCR;0.01163291;0.0;
2024-11-11 20:30:19;SELL;BNFCR;0.01661924;0.0;
2024-11-11 20:30:19;SELL;BNFCR;0.01163295;0.0;
2024-11-11 20:30:19;SELL;BNFCR;0.01163267;0.0;
2024-11-11 20:30:19;SELL;BNFCR;0.01163337;0.0;
2024-11-11 20:30:19;SELL;BNFCR;0.01163337;0.0;
2024-11-11 20:30:19;SELL;BNFCR;0.01163277;0.0;
2024-11-11 20:30:19;SELL;BNFCR;0.01163277;0.0;
2024-11-11 20:30:19;SELL;BNFCR;0.01163291;0.0;
2024-11-11 20:30:19;SELL;BNFCR;0.01163277;0.0;
2024-11-11 20:30:19;SELL;BNFCR;0.01163305;0.0;
2024-11-11 20:30:19;SELL;BNFCR;0.01163267;0.0;
2024-11-11 20:30:19;SELL;BNFCR;0.01163312;0.0;
2024-11-11 20:30:19;SELL;BNFCR;0.01163347;0.0;
2024-11-11 20:30:19;SELL;BNFCR;0.02492865;0.0;
2024-11-11 20:30:19;SELL;BNFCR;0.01163312;0.0;
2024-11-11 20:30:19;SELL;BNFCR;0.0249282;0.0;
2024-11-11 20:30:19;SELL;BNFCR;0.0249273;0.0;
2024-11-11 20:30:19;SELL;BNFCR;0.01163267;0.0;
2024-11-11 20:30:19;SELL;BNFCR;0.59160258;0.0;
2024-11-11 20:33:17;SELL;BNFCR;9.00356306;0.0;
2024-11-11 20:33:17;SELL;BNFCR;4.90147241;0.0;
2024-11-11 20:33:17;SELL;BNFCR;0.71578292;0.0;
2024-11-11 20:33:17;SELL;BNFCR;0.38966687;0.0;
2024-11-11 20:33:17;SELL;BNFCR;14.89374451;0.0;
2024-11-11 20:33:17;SELL;BNFCR;1.18405212;0.0;
2024-11-11 20:34:50;SELL;BNFCR;1.09306727;0.0;
2024-11-11 20:34:50;SELL;BNFCR;0.81938325;0.0;
2024-11-11 20:34:50;SELL;BNFCR;0.46059018;0.0;
2024-11-11 20:38:18;SELL;BNFCR;35.18028;0.0;
2024-11-11 20:38:18;SELL;BNFCR;2.39063085;0.0;
2024-11-11 20:44:08;SELL;BNFCR;0.3890988;0.0;
2024-11-11 20:49:26;BUY;BNFCR;1.4732;0.0;
2024-11-11 20:49:26;SELL;BNFCR;0.3898354;0.0;
2024-11-11 20:49:50;SELL;BNFCR;0.08734466;0.0;
2024-11-11 20:49:50;SELL;BNFCR;0.02855498;0.0;
2024-11-11 20:49:50;SELL;BNFCR;0.26707309;0.0;
2024-11-11 20:49:50;SELL;BNFCR;0.01679705;0.0;
2024-11-11 20:57:07;SELL;BNFCR;0.84575117;0.0;
2024-11-11 20:58:14;SELL;BNFCR;0.45233558;0.0;
2024-11-11 20:59:17;SELL;BNFCR;1.30951374;0.0;
2024-11-11 20:59:17;SELL;BNFCR;0.80882951;0.0;
2024-11-11 20:59:17;SELL;BNFCR;0.01004745;0.0;
2024-11-11 20:59:17;SELL;BNFCR;0.37008549;0.0;
2024-11-11 20:59:17;SELL;BNFCR;0.02171917;0.0;
2024-11-11 20:59:17;SELL;BNFCR;0.01004745;0.0;
2024-11-11 20:59:17;SELL;BNFCR;0.02171917;0.0;
2024-11-11 20:59:17;SELL;BNFCR;2.82291213;0.0;
2024-11-11 21:00:38;SELL;BNFCR;1.44939389;0.0;
2024-11-11 21:02:02;BUY;BNFCR;0.09933;0.0;
2024-11-11 21:02:02;SELL;BNFCR;1.41993042;0.0;
2024-11-11 21:02:02;SELL;BNFCR;0.01166599;0.0;
2024-11-11 21:02:02;SELL;BNFCR;0.01166599;0.0;
2024-11-11 21:02:02;BUY;BNFCR;0.09933;0.0;
2024-11-11 21:02:02;BUY;BNFCR;12.06432;0.0;
2024-11-11 21:02:20;SELL;BNFCR;1.6333636;0.0;
2024-11-11 21:04:19;SELL;BNFCR;3.75936;0.0;
2024-11-11 21:04:19;SELL;BNFCR;1.63524328;0.0;
2024-11-11 21:05:02;SELL;BNFCR;1.42505272;0.0;
2024-11-11 21:06:36;SELL;BNFCR;1.02544;0.0;
2024-11-11 21:06:36;SELL;BNFCR;0.36826556;0.0;
2024-11-11 21:06:36;SELL;BNFCR;2.90464;0.0;
2024-11-11 21:06:36;SELL;BNFCR;0.03248;0.0;
2024-11-11 21:06:36;SELL;BNFCR;0.01166452;0.0;
2024-11-11 21:06:36;SELL;BNFCR;1.04314135;0.0;
2024-11-11 21:07:01;SELL;BNFCR;0.01667845;0.0;
2024-11-11 21:07:01;SELL;BNFCR;1.28090496;0.0;
2024-11-11 21:35:06;BUY;BNFCR;2.49738;0.0;
2024-11-11 21:35:06;SELL;BNFCR;1.2988321;0.0;
2024-11-11 21:37:49;SELL;BNFCR;0.51625093;0.0;
2024-11-12 00:00:00;SELL;BNFCR;0.18445384;0.0;
2024-11-12 08:00:00;SELL;BNFCR;0.60022904;0.0;
2024-11-12 16:00:00;SELL;BNFCR;0.46381347;0.0;
2024-11-13 00:00:00;SELL;BNFCR;0.13645412;0.0;
2024-11-13 05:50:41;BUY;BNFCR;164.8593402;0.0;
2024-11-13 05:50:41;SELL;BNFCR;3.19326259;0.0;
2024-11-13 05:50:41;SELL;BTC;0.00194865;0.0;
2024-11-13 05:50:41;SELL;BNFCR;62.55396;0.0;
2024-11-14 06:37:27;BUY;USDC;62.5709666;0.0;
2024-11-14 06:37:27;SELL;BTC;7.0E-4;0.0;
2024-11-14 06:43:34;SELL;USDC;62.74706036;0.0;
2024-11-14 06:43:34;BUY;BTC;6.9378E-4;0.0;
2024-11-14 06:43:35;BUY;BTC;6.9378E-4;0.0;
2024-11-14 06:43:35;SELL;BTC;6.9378E-4;0.0;
2024-11-14 06:47:38;SELL;BNFCR;0.0632272;0.0;
2024-11-14 06:57:18;SELL;BNFCR;1.232;0.0;
2024-11-14 06:57:18;SELL;BNFCR;0.0626112;0.0;
2024-11-14 07:00:08;SELL;BNFCR;0.06169141;0.0;
2024-11-14 07:06:34;SELL;BNFCR;0.09378169;0.0;
2024-11-14 08:00:03;SELL;BNFCR;0.03194125;0.0;
2024-11-14 08:39:15;BUY;BNFCR;9.34050999;0.0;
2024-11-14 08:39:15;SELL;BNFCR;0.16014336;0.0;
2024-11-19 14:53:12;DEPOSIT;USDC;121.3592233;485.4368932;PLN
2024-11-19 14:54:21;BUY;USDC;121.3592233;0.0;
2024-11-19 14:54:21;SELL;USDC;121.3592233;0.0;
2024-11-19 14:54:39;SELL;USDC;120.6272759;0.0;
2024-11-19 14:54:39;BUY;BTC;0.00131;0.0;
2024-11-19 14:54:39;SELL;BNB;1.3926E-4;0.0;
2024-11-19 20:11:37;SELL;BNFCR;0.14554546;0.0;
2024-11-20 00:00:00;SELL;BNFCR;0.0502208;0.0;
2024-11-20 08:00:00;SELL;BNFCR;0.05643462;0.0;
2024-11-20 16:00:00;SELL;BNFCR;0.03966862;0.0;
2024-11-21 00:00:00;SELL;BNFCR;0.0285602;0.0;
2024-11-21 08:00:00;SELL;BNFCR;0.02919297;0.0;
2024-11-21 16:00:00;SELL;BNFCR;0.06142862;0.0;
2024-11-22 00:00:00;SELL;BNFCR;0.1067637;0.0;
2024-11-22 04:04:19;BUY;LUNA;7.76E-5;0.0;
2024-11-22 08:00:00;SELL;BNFCR;0.09139744;0.0;
2024-11-22 16:00:00;SELL;BNFCR;0.06823208;0.0;
2024-11-23 00:00:00;SELL;BNFCR;0.04676703;0.0;
2024-11-23 08:00:00;SELL;BNFCR;0.10124565;0.0;
2024-11-23 16:00:00;SELL;BNFCR;0.11918289;0.0;
2024-11-24 00:00:00;SELL;BNFCR;0.08531095;0.0;
2024-11-24 08:00:00;SELL;BNFCR;0.07555687;0.0;
2024-11-24 16:00:00;SELL;BNFCR;0.0835937;0.0;
2024-11-25 00:00:00;SELL;BNFCR;0.05397859;0.0;
2024-11-25 08:00:00;SELL;BNFCR;0.07571942;0.0;
2024-11-25 16:00:00;SELL;BNFCR;0.10413028;0.0;
2024-11-26 00:00:00;SELL;BNFCR;0.07778053;0.0;
2024-11-26 08:00:00;SELL;BNFCR;0.03876339;0.0;
2024-11-26 08:26:35;DEPOSIT;USDC;240.38461538;961.53846152;PLN
2024-11-26 09:16:19;SELL;USDC;240.38461538;0.0;
2024-11-26 09:16:19;BUY;USDC;240.38461538;0.0;
2024-11-26 09:16:34;SELL;BNB;1.3581E-4;0.0;
2024-11-26 09:16:34;SELL;USDC;119.8284672;0.0;
2024-11-26 09:16:34;BUY;BTC;0.00128;0.0;
2024-11-26 16:00:00;SELL;BNFCR;0.05579262;0.0;
2024-11-27 00:00:00;SELL;BNFCR;0.06519004;0.0;
2024-11-27 08:00:00;SELL;BNFCR;0.06657639;0.0;
2024-11-27 12:27:47;BUY;USDC;24.5;0.0;
2024-11-27 12:27:47;SELL;USDC;24.5;0.0;
2024-11-27 12:28:28;BUY;USDC;24.5;0.0;
2024-11-27 12:28:28;SELL;USDC;24.5;0.0;
2024-11-27 12:33:07;BUY;USDT;24.995;0.0;
2024-11-27 12:33:07;SELL;USDC;25.0;0.0;
2024-11-27 12:33:54;SELL;USDT;24.71396;0.0;
2024-11-27 12:33:54;BUY;THE;9.2;0.0;
2024-11-27 12:33:54;SELL;BNB;2.986E-5;0.0;
2024-11-27 12:34:03;BUY;THE;9.2;0.0;
2024-11-27 12:34:03;SELL;THE;9.2;0.0;
2024-11-27 12:34:27;BUY;USDT;24.51708;0.0;
2024-11-27 12:34:27;SELL;THE;9.2;0.0;
2024-11-27 12:34:27;SELL;USDT;0.02451708;0.0;
2024-11-27 12:36:23;SELL;USDT;24.1722026;0.0;
2024-11-27 12:36:23;BUY;BTC;2.6E-4;0.0;
2024-11-27 12:36:23;SELL;BTC;2.6E-7;0.0;
2024-11-27 12:36:56;BUY;USDT;23.26162;0.0;
2024-11-27 12:36:56;SELL;BTC;2.5E-4;0.0;
2024-11-27 12:36:56;SELL;USDT;0.02326162;0.0;
2024-11-27 12:41:05;SELL;THE;0.009;0.0;
2024-11-27 12:41:05;SELL;USDT;23.3739;0.0;
2024-11-27 12:41:05;BUY;THE;9.0;0.0;
2024-11-27 12:41:23;BUY;USDT;22.70123;0.0;
2024-11-27 12:41:23;SELL;THE;8.9;0.0;
2024-11-27 12:41:23;SELL;USDT;0.02270123;0.0;
2024-11-27 12:44:03;SELL;THE;0.091;0.0;
2024-11-27 12:44:03;BUY;THE;0.091;0.0;
2024-11-27 12:44:11;SELL;BTC;9.74E-6;0.0;
2024-11-27 12:44:11;BUY;BTC;9.74E-6;0.0;
2024-11-27 12:44:20;SELL;USDT;22.86334747;0.0;
2024-11-27 12:44:20;BUY;USDT;22.86334747;0.0;
2024-11-27 16:00:00;SELL;BNFCR;0.05191792;0.0;
2024-11-27 19:50:06;SELL;BNB;1.0725E-4;0.0;
2024-11-27 19:50:06;SELL;USDC;96.228936;0.0;
2024-11-27 19:50:06;BUY;ETH;0.0267;0.0;
2024-11-27 19:51:20;SELL;LUNA;7.76E-5;0.0;
2024-11-27 19:51:20;BUY;BNB;4.6387E-4;0.0;
2024-11-27 19:51:20;BUY;BNB;5.0E-8;0.0;
2024-11-27 19:51:20;SELL;THE;0.091;0.0;
2024-11-27 19:51:20;SELL;USDC;0.05915958;0.0;
2024-11-27 19:51:20;BUY;BNB;9.071E-5;0.0;
2024-11-27 19:54:08;SELL;BNB;2.7E-5;0.0;
2024-11-27 19:54:08;SELL;USDT;22.972096;0.0;
2024-11-27 19:54:08;BUY;ETH;0.0064;0.0;
2024-11-28 00:00:00;SELL;BNFCR;0.05421846;0.0;
2024-11-28 08:00:00;SELL;BNFCR;0.05505691;0.0;
2024-11-28 16:00:00;SELL;BNFCR;0.03294655;0.0;
2024-11-29 00:00:00;SELL;BNFCR;0.03330742;0.0;
2024-11-29 08:00:00;SELL;BNFCR;0.05065073;0.0;
2024-11-29 16:00:00;SELL;BNFCR;0.03362136;0.0;
2024-11-30 00:00:00;SELL;BNFCR;0.05715346;0.0;
2024-11-30 08:00:00;SELL;BNFCR;0.085252;0.0;
2024-11-30 16:00:00;SELL;BNFCR;0.04248403;0.0;
2024-12-01 00:00:00;SELL;BNFCR;0.04088037;0.0;
2024-12-01 08:00:00;SELL;BNFCR;0.04732878;0.0;
2024-12-01 16:00:00;SELL;BNFCR;0.05226937;0.0;
2024-12-02 00:00:00;SELL;BNFCR;0.12470445;0.0;
2024-12-02 08:00:00;SELL;BNFCR;0.10001672;0.0;
2024-12-02 08:46:01;SELL;BNFCR;0.12767788;0.0;
2024-12-02 08:46:01;BUY;BNFCR;2.79936;0.0;
2024-12-02 08:46:01;SELL;BNFCR;0.01798285;0.0;
2024-12-02 08:46:01;BUY;BNFCR;4.6656;0.0;
2024-12-02 08:46:01;SELL;BNFCR;0.01078971;0.0;
2024-12-02 08:46:01;SELL;BNFCR;0.01078971;0.0;
2024-12-02 08:46:01;BUY;BNFCR;33.12505;0.0;
2024-12-02 08:46:01;BUY;BNFCR;2.79936;0.0;
2024-12-05 06:46:09;SELL;BNFCR;0.29702519;0.0;
2024-12-05 08:00:00;SELL;BNFCR;0.29358068;0.0;
2024-12-05 13:20:02;SELL;BTC;0.00305;0.0;
2024-12-05 13:20:02;SELL;BNB;3.2481E-4;0.0;
2024-12-05 13:20:02;BUY;USDT;314.8454;0.0;
2024-12-05 13:20:40;BUY;USDC;315.15943475;0.0;
2024-12-05 13:20:41;SELL;USDT;315.01769147;0.0;
2024-12-05 13:26:27;SELL;BTC;0.0024;0.0;
2024-12-05 13:26:28;BUY;BTC;0.0024;0.0;
2024-12-05 13:26:58;BUY;BTC;0.00304;0.0;
2024-12-05 13:26:58;SELL;BNB;3.0705E-4;0.0;
2024-12-05 13:26:58;SELL;USDC;313.6028128;0.0;
2024-12-05 13:28:46;SELL;BTC;0.0024;0.0;
2024-12-05 13:28:46;BUY;BTC;0.0024;0.0;
2024-12-05 13:29:40;SELL;BNFCR;0.2063356;0.0;
2024-12-05 13:30:31;SELL;BNFCR;0.2579965;0.0;
2024-12-05 16:00:00;SELL;BNFCR;0.18678814;0.0;
2024-12-05 16:00:00;SELL;BNFCR;0.42924909;0.0;
2024-12-05 22:28:29;SELL;BNFCR;0.28528808;0.0;
2024-12-05 22:28:29;SELL;BNFCR;97.41879999;0.0;
2024-12-05 22:28:29;SELL;BNFCR;23.47422;0.0;
2024-12-05 22:28:29;SELL;BNFCR;0.4156227;0.0;
2024-12-05 22:29:57;SELL;BNFCR;0.14105295;0.0;
2024-12-05 22:29:57;SELL;BNFCR;0.14105655;0.0;
2024-12-05 22:29:57;SELL;BNFCR;0.0940308;0.0;
2024-12-05 22:36:26;SELL;BNFCR;0.1437411;0.0;
2024-12-05 22:50:43;SELL;BNFCR;0.1452;0.0;
2024-12-05 23:02:40;SELL;BNFCR;0.671468;0.0;
2024-12-05 23:02:40;BUY;BNFCR;12.77319999;0.0;
2024-12-05 23:11:05;SELL;BNFCR;0.62478325;0.0;
2024-12-05 23:15:38;BUY;BNFCR;2.4206;0.0;
2024-12-05 23:15:38;SELL;BNFCR;0.62599355;0.0;
2024-12-05 23:19:25;SELL;BNFCR;0.6783028;0.0;
2024-12-05 23:22:08;SELL;BNFCR;3.8164;0.0;
2024-12-05 23:22:08;SELL;BNFCR;0.680211;0.0;
2024-12-05 23:22:57;SELL;BNFCR;0.24330025;0.0;
2024-12-05 23:22:57;SELL;BNFCR;0.3892804;0.0;
2024-12-05 23:23:37;SELL;BNFCR;3.4086;0.0;
2024-12-05 23:23:37;SELL;BNFCR;0.63087635;0.0;
2024-12-05 23:23:48;SELL;BNFCR;0.6303388;0.0;
2024-12-05 23:25:20;SELL;BNFCR;0.63153804;0.0;
2024-12-05 23:25:20;SELL;BNFCR;2.3985;0.0;
2024-12-05 23:25:29;SELL;BNFCR;0.4862165;0.0;
2024-12-05 23:47:10;SELL;BNFCR;0.483155;0.0;
2024-12-05 23:47:10;SELL;BNFCR;6.123;0.0;
2024-12-05 23:47:39;SELL;BNFCR;0.145182;0.0;
2024-12-05 23:47:56;SELL;BNFCR;0.24216375;0.0;
2024-12-05 23:48:05;SELL;BNFCR;0.6251;0.0;
2024-12-05 23:48:05;SELL;BNFCR;0.3870332;0.0;
2024-12-05 23:48:23;SELL;BNFCR;0.2906454;0.0;
2024-12-06 00:00:00;SELL;BNFCR;0.05820096;0.0;
2024-12-06 08:00:00;SELL;BNFCR;0.08623021;0.0;
2024-12-06 16:00:00;SELL;BNFCR;0.0596144;0.0;
2024-12-06 18:04:59;SELL;BNFCR;0.05230563;0.0;
2024-12-06 18:04:59;SELL;BNFCR;0.24744586;0.0;
2024-12-07 00:00:00;SELL;BNFCR;0.18239583;0.0;
2024-12-07 00:00:00;SELL;BNFCR;0.19145313;0.0;
2024-12-07 08:00:00;SELL;BNFCR;0.14442703;0.0;
2024-12-07 08:00:00;SELL;BNFCR;0.07383016;0.0;
2024-12-07 16:00:00;SELL;BNFCR;0.13793402;0.0;
2024-12-07 16:00:00;SELL;BNFCR;0.08438064;0.0;
2024-12-08 00:00:00;SELL;BNFCR;0.10180717;0.0;
2024-12-08 00:00:00;SELL;BNFCR;0.12432969;0.0;
2024-12-08 08:00:00;SELL;BNFCR;0.14208835;0.0;
2024-12-08 08:00:00;SELL;BNFCR;0.09917506;0.0;
2024-12-08 16:00:00;SELL;BNFCR;0.10545363;0.0;
2024-12-08 16:00:00;SELL;BNFCR;0.11052525;0.0;
2024-12-09 00:00:00;SELL;BNFCR;0.12101666;0.0;
2024-12-09 00:00:00;SELL;BNFCR;0.18465668;0.0;
2024-12-09 08:00:00;SELL;BNFCR;0.12572938;0.0;
2024-12-09 08:00:00;SELL;BNFCR;0.05840641;0.0;
2024-12-09 12:27:59;SELL;BNFCR;0.295665;0.0;
2024-12-09 12:27:59;SELL;BNFCR;0.28803785;0.0;
2024-12-09 12:27:59;SELL;BNFCR;23.42727;0.0;
2024-12-09 12:27:59;BUY;BNFCR;10.0392;0.0;
2024-12-09 13:57:01;SELL;BNFCR;0.14864564;0.0;
2024-12-09 16:00:00;SELL;BNFCR;0.03262311;0.0;
2024-12-10 00:00:00;SELL;BNFCR;0.02920473;0.0;
2024-12-10 08:00:00;SELL;BNFCR;0.02916531;0.0;
2024-12-10 16:00:00;SELL;BNFCR;0.02869739;0.0;
2024-12-11 00:00:00;SELL;BNFCR;0.02898069;0.0;
2024-12-11 08:00:00;SELL;BNFCR;0.02920085;0.0;
2024-12-11 15:20:41;SELL;BNFCR;0.14955489;0.0;
2024-12-11 16:00:00;SELL;BNFCR;0.02991145;0.0;
2024-12-11 16:00:00;SELL;BNFCR;0.0301083;0.0;
2024-12-11 18:01:53;SELL;BNFCR;0.14833395;0.0;
2024-12-11 18:01:53;SELL;BNFCR;2.44189;0.0;
2024-12-11 19:55:12;SELL;BNFCR;0.129285;0.0;
2024-12-12 00:00:00;SELL;BNFCR;0.03033207;0.0;
2024-12-12 00:00:00;SELL;BNFCR;0.02604715;0.0;
2024-12-12 08:00:00;SELL;BNFCR;0.02654783;0.0;
2024-12-12 08:00:00;SELL;BNFCR;0.03014593;0.0;
2024-12-12 16:00:00;SELL;BNFCR;0.03053253;0.0;
2024-12-12 16:00:00;SELL;BNFCR;0.02690692;0.0;
2024-12-13 00:00:00;SELL;BNFCR;0.02638793;0.0;
2024-12-13 00:00:00;SELL;BNFCR;0.02999469;0.0;
2024-12-13 08:00:00;SELL;BNFCR;0.03002997;0.0;
2024-12-13 08:00:00;SELL;BNFCR;0.02641215;0.0;
2024-12-13 16:00:00;SELL;BNFCR;0.02641936;0.0;
2024-12-13 16:00:00;SELL;BNFCR;0.02995203;0.0;
2024-12-14 00:00:00;SELL;BNFCR;0.0205278;0.0;
2024-12-14 00:00:00;SELL;BNFCR;0.02655801;0.0;
2024-12-14 08:00:00;SELL;BNFCR;0.0305361;0.0;
2024-12-14 08:00:00;SELL;BNFCR;0.0266581;0.0;
2024-12-14 16:00:00;SELL;BNFCR;0.03048325;0.0;
2024-12-14 16:00:00;SELL;BNFCR;0.02643469;0.0;
2024-12-15 00:00:00;SELL;BNFCR;0.03041748;0.0;
2024-12-15 00:00:00;SELL;BNFCR;0.02630846;0.0;
2024-12-15 08:00:00;SELL;BNFCR;0.02613546;0.0;
2024-12-15 08:00:00;SELL;BNFCR;0.02499348;0.0;
2024-12-15 16:00:00;SELL;BNFCR;0.03080245;0.0;
2024-12-15 16:00:00;SELL;BNFCR;0.0249001;0.0;
2024-12-16 00:00:00;SELL;BNFCR;0.0313347;0.0;
2024-12-16 00:00:00;SELL;BNFCR;0.02331484;0.0;
2024-12-16 06:49:55;SELL;BNFCR;0.029667;0.0;
2024-12-16 06:49:55;SELL;BNFCR;0.069223;0.0;
2024-12-16 06:49:55;SELL;BNFCR;0.0415338;0.0;
2024-12-16 08:00:00;SELL;BNFCR;0.03148809;0.0;
2024-12-16 08:00:00;SELL;BNFCR;0.05523027;0.0;
2024-12-16 16:00:00;SELL;BNFCR;0.05477692;0.0;
2024-12-16 16:00:00;SELL;BNFCR;0.02927416;0.0;
2024-12-17 00:00:00;SELL;BNFCR;0.05539086;0.0;
2024-12-17 00:00:00;SELL;BNFCR;0.02501937;0.0;
2024-12-17 08:00:00;SELL;BNFCR;0.0320367;0.0;
2024-12-17 08:00:00;SELL;BNFCR;0.05550446;0.0;
2024-12-17 16:00:00;SELL;BNFCR;0.05473347;0.0;
2024-12-17 16:00:00;SELL;BNFCR;0.03193154;0.0;
2024-12-18 00:00:00;SELL;BNFCR;0.03182519;0.0;
2024-12-18 00:00:00;SELL;BNFCR;0.04351725;0.0;
2024-12-18 06:50:06;SELL;BNFCR;0.1033941;0.0;
2024-12-18 08:00:00;SELL;BNFCR;0.04772012;0.0;
2024-12-18 08:00:00;SELL;BNFCR;0.05345727;0.0;
2024-12-18 16:00:00;SELL;BNFCR;0.05219755;0.0;
2024-12-18 16:00:00;SELL;BNFCR;0.05375137;0.0;
2024-12-19 00:00:00;SELL;BNFCR;0.03076221;0.0;
2024-12-19 00:00:00;SELL;BNFCR;0.05009037;0.0;
2024-12-19 08:00:00;SELL;BNFCR;0.05081257;0.0;
2024-12-19 08:00:00;SELL;BNFCR;0.03816769;0.0;
2024-12-19 08:00:00;SELL;BNFCR;0.05081257;0.0;
2024-12-19 16:00:00;SELL;BNFCR;0.05032885;0.0;
2024-12-19 16:00:00;SELL;BNFCR;0.03703884;0.0;
2024-12-20 00:00:00;SELL;BNFCR;0.04749213;0.0;
2024-12-20 00:00:00;SELL;BNFCR;0.0487172;0.0;
2024-12-20 08:00:00;SELL;BNFCR;0.04712555;0.0;
2024-12-20 08:00:00;SELL;BNFCR;0.04891145;0.0;
2024-12-20 16:00:00;SELL;BNFCR;0.04688622;0.0;
2024-12-20 16:00:00;SELL;BNFCR;0.04848422;0.0;
2024-12-21 00:00:00;SELL;BNFCR;0.03064594;0.0;
2024-12-21 00:00:00;SELL;BNFCR;0.04888225;0.0;
2024-12-21 08:00:00;SELL;BNFCR;0.04895107;0.0;
2024-12-21 08:00:00;SELL;BNFCR;0.00596881;0.0;
2024-12-21 16:00:00;SELL;BNFCR;0.04710876;0.0;
2024-12-21 16:00:00;SELL;BNFCR;0.04874325;0.0;
2024-12-22 00:00:00;SELL;BNFCR;0.0486309;0.0;
2024-12-22 00:00:00;SELL;BNFCR;0.04639166;0.0;
2024-12-22 08:00:00;SELL;BNFCR;0.04630534;0.0;
2024-12-22 08:00:00;SELL;BNFCR;0.04809104;0.0;
2024-12-22 16:00:00;SELL;BNFCR;0.04590187;0.0;
2024-12-22 16:00:00;SELL;BNFCR;0.02463928;0.0;
2024-12-23 00:00:00;SELL;BNFCR;0.04757794;0.0;
2024-12-23 00:00:00;SELL;BNFCR;0.02592945;0.0;
2024-12-23 08:00:00;SELL;BNFCR;0.02478636;0.0;
2024-12-23 08:00:00;SELL;BNFCR;0.0476802;0.0;
2024-12-23 16:00:00;SELL;BNFCR;0.04185936;0.0;
2024-12-23 16:00:00;SELL;BNFCR;0.03950309;0.0;
2024-12-24 00:00:00;SELL;BNFCR;0.04743055;0.0;
2024-12-24 00:00:00;SELL;BNFCR;0.04755123;0.0;
2024-12-24 08:00:00;SELL;BNFCR;0.03837894;0.0;
2024-12-24 08:00:00;SELL;BNFCR;0.04709995;0.0;
2024-12-24 16:00:00;SELL;BNFCR;0.04912345;0.0;
2024-12-24 16:00:00;SELL;BNFCR;0.01337995;0.0;
2024-12-25 00:00:00;SELL;BNFCR;0.02161899;0.0;
2024-12-25 00:00:00;SELL;BNFCR;0.04931681;0.0;
2024-12-25 08:00:00;SELL;BNFCR;0.03175729;0.0;
2024-12-25 08:00:00;SELL;BNFCR;0.04902618;0.0;
2024-12-25 16:00:00;SELL;BNFCR;0.00605117;0.0;
2024-12-25 16:00:00;SELL;BNFCR;0.04924285;0.0;
2024-12-26 00:00:00;SELL;BNFCR;0.04883016;0.0;
2024-12-26 00:00:00;SELL;BNFCR;0.04858592;0.0;
2024-12-26 08:00:00;SELL;BNFCR;0.03640135;0.0;
2024-12-26 08:00:00;SELL;BNFCR;0.04754953;0.0;
2024-12-26 16:00:00;SELL;BNFCR;0.02929294;0.0;
2024-12-26 16:00:00;SELL;BNFCR;0.04121057;0.0;
2024-12-27 00:00:00;SELL;BNFCR;0.04633609;0.0;
2024-12-27 00:00:00;SELL;BNFCR;0.04787711;0.0;
2024-12-27 08:00:00;SELL;BNFCR;0.04753748;0.0;
2024-12-27 08:00:00;SELL;BNFCR;0.03894684;0.0;
2024-12-27 16:00:00;SELL;BNFCR;0.0472647;0.0;
2024-12-27 16:00:00;SELL;BNFCR;0.02472174;0.0;
2024-12-28 00:00:00;SELL;BNFCR;0.04713191;0.0;
2024-12-28 00:00:00;SELL;BNFCR;0.04631605;0.0;
2024-12-28 08:00:00;SELL;BNFCR;0.03603309;0.0;
2024-12-28 08:00:00;SELL;BNFCR;0.04634878;0.0;
2024-12-28 16:00:00;SELL;BNFCR;0.02441857;0.0;
2024-12-28 16:00:00;SELL;BNFCR;0.0436898;0.0;
2024-12-29 00:00:00;SELL;BNFCR;0.02810181;0.0;
2024-12-29 00:00:00;SELL;BNFCR;0.03816704;0.0;
2024-12-29 08:00:00;SELL;BNFCR;0.02436143;0.0;
2024-12-29 08:00:00;SELL;BNFCR;0.04761665;0.0;
2024-12-29 16:00:00;SELL;BNFCR;0.044462;0.0;
2024-12-29 16:00:00;SELL;BNFCR;0.04723438;0.0;
2024-12-30 00:00:00;SELL;BNFCR;0.04664103;0.0;
2024-12-30 00:00:00;BUY;BNFCR;1.9676E-4;0.0;
2024-12-30 08:00:00;SELL;BNFCR;0.04118589;0.0;
2024-12-30 08:00:00;SELL;BNFCR;0.04763028;0.0;
2024-12-30 16:00:00;SELL;BNFCR;0.04619637;0.0;
2024-12-30 16:00:00;SELL;BNFCR;0.04604362;0.0;
2024-12-31 00:00:00;SELL;BNFCR;0.04638019;0.0;
2024-12-31 00:00:00;SELL;BNFCR;0.04670722;0.0;
2024-12-31 08:00:00;SELL;BNFCR;0.04640975;0.0;
2024-12-31 08:00:00;SELL;BNFCR;0.03967621;0.0;
2024-12-31 16:00:00;SELL;BNFCR;0.04743937;0.0;
2024-12-31 16:00:00;SELL;BNFCR;0.0476947;0.0;
2025-01-01 00:00:00;SELL;BNFCR;0.04677483;0.0;
2025-01-01 00:00:00;SELL;BNFCR;0.04637951;0.0;
2025-01-01 08:00:00;SELL;BNFCR;0.04683048;0.0;
2025-01-01 08:00:00;SELL;BNFCR;0.04650717;0.0;
2025-01-01 16:00:00;SELL;BNFCR;0.0472068;0.0;
2025-01-01 16:00:00;SELL;BNFCR;0.04659412;0.0;
2025-01-02 00:00:00;SELL;BNFCR;0.0472905;0.0;
2025-01-02 00:00:00;SELL;BNFCR;0.0466951;0.0;
2025-01-02 08:00:00;SELL;BNFCR;0.04790765;0.0;
2025-01-02 08:00:00;SELL;BNFCR;0.04753389;0.0;
2025-01-02 16:00:00;SELL;BNFCR;0.04813236;0.0;
2025-01-02 16:00:00;SELL;BNFCR;0.04821915;0.0;
2025-01-03 00:00:00;SELL;BNFCR;0.0480251;0.0;
2025-01-03 00:00:00;SELL;BNFCR;0.04848375;0.0;
2025-01-03 08:00:00;SELL;BNFCR;0.04771261;0.0;
2025-01-03 08:00:00;SELL;BNFCR;0.0481375;0.0;
2025-01-03 16:00:00;SELL;BNFCR;0.04954632;0.0;
2025-01-03 16:00:00;SELL;BNFCR;0.02554979;0.0;
2025-01-04 00:00:00;SELL;BNFCR;0.05014967;0.0;
2025-01-04 00:00:00;SELL;BNFCR;0.03778122;0.0;
2025-01-04 08:00:00;SELL;BNFCR;0.0491221;0.0;
2025-01-04 08:00:00;SELL;BNFCR;0.04994325;0.0;
2025-01-04 16:00:00;SELL;BNFCR;0.05013468;0.0;
2025-01-04 16:00:00;SELL;BNFCR;0.00389551;0.0;
2025-01-05 00:00:00;SELL;BNFCR;0.05081826;0.0;
2025-01-05 00:00:00;SELL;BNFCR;0.04908659;0.0;
2025-01-05 08:00:00;SELL;BNFCR;0.05046214;0.0;
2025-01-05 08:00:00;SELL;BNFCR;0.04911286;0.0;
2025-01-05 16:00:00;SELL;BNFCR;0.05043545;0.0;
2025-01-05 16:00:00;SELL;BNFCR;0.04076042;0.0;
2025-01-06 00:00:00;SELL;BNFCR;0.05052594;0.0;
2025-01-06 00:00:00;SELL;BNFCR;0.04917005;0.0;
2025-01-06 08:00:00;SELL;BNFCR;0.05072713;0.0;
2025-01-06 08:00:00;SELL;BNFCR;0.04964;0.0;
2025-01-06 16:00:00;SELL;BNFCR;0.05104565;0.0;
2025-01-06 16:00:00;SELL;BNFCR;0.05159888;0.0;
2025-01-07 00:00:00;SELL;BNFCR;0.05123774;0.0;
2025-01-07 00:00:00;SELL;BNFCR;0.05109465;0.0;
2025-01-07 08:00:00;SELL;BNFCR;0.05096603;0.0;
2025-01-07 08:00:00;SELL;BNFCR;0.04524918;0.0;
2025-01-07 16:00:00;SELL;BNFCR;0.04812274;0.0;
2025-01-07 16:00:00;SELL;BNFCR;0.04053258;0.0;
2025-01-08 00:00:00;SELL;BNFCR;0.04537072;0.0;
2025-01-08 00:00:00;SELL;BNFCR;0.04846009;0.0;
2025-01-08 08:00:00;SELL;BNFCR;0.04661381;0.0;
2025-01-08 08:00:00;SELL;BNFCR;0.0478142;0.0;
2025-01-08 16:00:00;SELL;BNFCR;0.04650926;0.0;
2025-01-08 16:00:00;SELL;BNFCR;0.04772728;0.0;
2025-01-09 00:00:00;SELL;BNFCR;0.04751805;0.0;
2025-01-09 00:00:00;SELL;BNFCR;0.03055074;0.0;
2025-01-09 08:00:00;SELL;BNFCR;0.0458167;0.0;
2025-01-09 08:00:00;SELL;BNFCR;0.04570556;0.0;
2025-01-09 16:00:00;SELL;BNFCR;0.04613118;0.0;
2025-01-09 16:00:00;BUY;BNFCR;0.0025621;0.0;
2025-01-10 00:00:00;SELL;BNFCR;0.0338767;0.0;
2025-01-10 00:00:00;SELL;BNFCR;0.01834573;0.0;
2025-01-10 08:00:00;SELL;BNFCR;0.02822001;0.0;
2025-01-10 08:00:00;BUY;BNFCR;0.0050064;0.0;
2025-01-10 16:00:00;SELL;BNFCR;0.04508743;0.0;
2025-01-10 16:00:00;SELL;BNFCR;0.03784458;0.0;
2025-01-11 00:00:00;SELL;BNFCR;0.02688938;0.0;
2025-01-11 00:00:00;SELL;BNFCR;0.029841;0.0;
2025-01-11 08:00:00;SELL;BNFCR;0.01910147;0.0;
2025-01-11 08:00:00;SELL;BNFCR;0.02540442;0.0;
2025-01-11 16:00:00;SELL;BNFCR;0.0123053;0.0;
2025-01-11 16:00:00;SELL;BNFCR;0.04545397;0.0;
2025-01-12 00:00:00;SELL;BNFCR;0.02368382;0.0;
2025-01-12 00:00:00;SELL;BNFCR;0.04561771;0.0;
2025-01-12 08:00:00;SELL;BNFCR;0.04539378;0.0;
2025-01-12 08:00:00;SELL;BNFCR;0.01513375;0.0;
2025-01-12 16:00:00;SELL;BNFCR;0.03158546;0.0;
2025-01-12 16:00:00;SELL;BNFCR;0.03713428;0.0;
2025-01-13 00:00:00;SELL;BNFCR;0.04539323;0.0;
2025-01-13 00:00:00;SELL;BNFCR;0.02488182;0.0;
2025-01-13 08:00:00;SELL;BNFCR;0.0326938;0.0;
2025-01-13 08:00:00;SELL;BNFCR;0.04160916;0.0;
2025-01-13 11:32:59;SELL;BNFCR;1.54826546;0.0;
2025-01-13 11:32:59;SELL;BNFCR;110.75966999;0.0;
2025-01-13 11:32:59;SELL;BNFCR;0.62607985;0.0;
2025-01-13 11:32:59;SELL;BNFCR;47.404;0.0;
2025-01-13 11:33:00;BUY;BNFCR;272.71137519;0.0;
2025-01-13 11:33:00;SELL;BTC;0.0030645;0.0;
2025-01-15 15:02:14;SELL;BTC;0.0024;0.0;
2025-01-15 15:02:14;BUY;BTC;0.0024;0.0;
2025-01-15 15:03:54;SELL;BNFCR;0.3486805;0.0;
2025-01-15 16:00:00;SELL;BNFCR;0.04047572;0.0;
2025-01-16 00:00:00;SELL;BNFCR;0.00511953;0.0;
2025-01-16 08:00:00;SELL;BNFCR;0.05285018;0.0;
2025-01-16 16:00:00;SELL;BNFCR;0.03194728;0.0;
2025-01-17 00:00:00;SELL;BNFCR;0.03215885;0.0;
2025-01-17 08:00:00;SELL;BNFCR;0.06662636;0.0;
2025-01-17 16:00:00;SELL;BNFCR;0.02497205;0.0;
2025-01-17 20:05:00;BUY;BNFCR;41.1593;0.0;
2025-01-17 20:05:00;SELL;BNFCR;0.36926015;0.0;
2025-01-20 04:53:56;SELL;BNFCR;0.25604349;0.0;
2025-01-20 06:58:37;BUY;BNFCR;13.6629;0.0;
2025-01-20 06:58:37;SELL;BNFCR;0.16045755;0.0;
2025-01-20 06:58:37;SELL;BNFCR;0.1069717;0.0;
2025-01-20 06:58:37;BUY;BNFCR;9.1086;0.0;
2025-01-20 07:02:10;SELL;BNFCR;0.5976036;0.0;
2025-01-20 07:03:03;SELL;BNFCR;0.5938889;0.0;
2025-01-20 07:03:03;SELL;BNFCR;7.4294;0.0;
2025-01-20 07:04:16;SELL;BNFCR;0.27274474;0.0;
2025-01-20 07:04:16;SELL;BNFCR;0.3272997;0.0;
2025-01-20 08:00:00;BUY;BNFCR;0.11784178;0.0;
2025-01-20 08:22:02;SELL;BNFCR;0.595375;0.0;
2025-01-20 08:22:02;BUY;BNFCR;9.3389;0.0;
2025-01-20 17:57:04;SELL;BNFCR;0.3619203;0.0;
2025-01-20 18:28:25;SELL;BNFCR;0.38606352;0.0;
2025-01-20 18:28:25;SELL;BNFCR;0.01822617;0.0;
2025-01-20 22:04:51;SELL;BNFCR;13.3956;0.0;
2025-01-20 22:04:51;SELL;BNFCR;0.3975919;0.0;
2025-01-20 22:04:57;SELL;BNFCR;0.3569482;0.0;
2025-01-20 22:04:57;SELL;BNFCR;9.9442;0.0;
2025-01-20 22:09:32;SELL;BNFCR;0.4105492;0.0;
2025-01-20 22:12:19;SELL;BNFCR;0.17543613;0.0;
2025-01-21 00:00:00;SELL;BNFCR;0.08180311;0.0;
2025-01-21 00:00:00;SELL;BNFCR;0.03513024;0.0;
2025-01-21 08:00:00;SELL;BNFCR;0.08158679;0.0;
2025-01-21 08:00:00;SELL;BNFCR;0.03482117;0.0;
2025-01-21 16:00:00;SELL;BNFCR;0.03524895;0.0;
2025-01-21 16:00:00;SELL;BNFCR;0.08314328;0.0;
2025-01-22 00:00:00;SELL;BNFCR;0.08489152;0.0;
2025-01-22 00:00:00;SELL;BNFCR;0.03559802;0.0;
2025-01-22 08:00:00;SELL;BNFCR;0.08405104;0.0;
2025-01-22 08:00:00;SELL;BNFCR;0.03517004;0.0;
2025-01-22 16:00:00;SELL;BNFCR;0.03506892;0.0;
2025-01-22 16:00:00;SELL;BNFCR;0.08331113;0.0;
2025-01-23 00:00:00;SELL;BNFCR;0.07176935;0.0;
2025-01-23 00:00:00;SELL;BNFCR;0.03468929;0.0;
2025-01-23 08:00:00;SELL;BNFCR;0.03458314;0.0;
2025-01-23 08:00:00;SELL;BNFCR;0.08213464;0.0;
2025-01-23 16:00:00;SELL;BNFCR;0.07251907;0.0;
2025-01-23 16:00:00;SELL;BNFCR;0.03486605;0.0;
2025-01-23 16:28:34;DEPOSIT;USDC;146.34146341;585.36585364;PLN
2025-01-23 16:38:48;SELL;USDC;146.34146341;0.0;
2025-01-23 16:38:48;BUY;USDC;146.34146341;0.0;
2025-01-23 16:40:29;SELL;USDC;147.898;0.0;
2025-01-23 16:40:29;BUY;BTC;0.00139367;0.0;
2025-01-24 00:00:00;SELL;BNFCR;0.03571531;0.0;
2025-01-24 00:00:00;SELL;BNFCR;0.00277534;0.0;
2025-01-24 08:00:00;SELL;BNFCR;0.03617231;0.0;
2025-01-24 08:00:00;SELL;BNFCR;0.06331073;0.0;
2025-01-24 16:00:00;SELL;BNFCR;0.03619762;0.0;
2025-01-24 16:00:00;SELL;BNFCR;0.08076319;0.0;
2025-01-25 00:00:00;SELL;BNFCR;0.02444171;0.0;
2025-01-25 00:00:00;SELL;BNFCR;0.04781082;0.0;
2025-01-25 08:00:00;SELL;BNFCR;0.02487084;0.0;
2025-01-25 08:00:00;SELL;BNFCR;0.07091585;0.0;
2025-01-25 16:00:00;SELL;BNFCR;0.06527929;0.0;
2025-01-25 16:00:00;SELL;BNFCR;0.02999467;0.0;
2025-01-26 00:00:00;SELL;BNFCR;0.07004975;0.0;
2025-01-26 00:00:00;SELL;BNFCR;0.03430512;0.0;
2025-01-26 08:00:00;SELL;BNFCR;0.03473172;0.0;
2025-01-26 08:00:00;SELL;BNFCR;0.08397104;0.0;
2025-01-26 16:00:00;SELL;BNFCR;0.07086716;0.0;
2025-01-26 16:00:00;SELL;BNFCR;0.01364818;0.0;
2025-01-27 00:00:00;SELL;BNFCR;0.07455448;0.0;
2025-01-27 00:00:00;BUY;BNFCR;9.5443E-4;0.0;
2025-01-27 06:17:08;BUY;USDC;72.3798049;0.0;
2025-01-27 06:17:09;SELL;BTC;7.3E-4;0.0;
2025-01-27 06:18:43;BUY;BTC;7.45E-4;0.0;
2025-01-27 06:18:43;SELL;BTC;7.45E-4;0.0;
2025-01-27 06:20:39;BUY;BTC;8.0E-4;0.0;
2025-01-27 06:20:39;SELL;BTC;8.0E-4;0.0;
2025-01-27 06:21:04;SELL;BNFCR;0.1996298;0.0;
2025-01-27 06:21:54;SELL;BNB;7.825E-5;0.0;
2025-01-27 06:21:54;SELL;USDC;71.8675344;0.0;
2025-01-27 06:21:54;BUY;BTC;7.2E-4;0.0;
2025-01-27 06:25:37;BUY;BTC;4.5E-4;0.0;
2025-01-27 06:25:37;SELL;BTC;4.5E-4;0.0;
2025-01-27 06:26:24;SELL;BNFCR;0.1340052;0.0;
2025-01-27 08:00:00;SELL;BNFCR;0.02323235;0.0;
2025-01-27 08:00:00;SELL;BNFCR;0.04409695;0.0;
2025-01-27 16:00:00;SELL;BNFCR;0.0185458;0.0;
2025-01-27 16:00:00;SELL;BNFCR;0.00118864;0.0;
2025-01-28 00:00:00;SELL;BNFCR;0.12244154;0.0;
2025-01-28 00:00:00;SELL;BNFCR;0.06138914;0.0;
2025-01-28 08:00:00;SELL;BNFCR;0.04579308;0.0;
2025-01-28 08:00:00;SELL;BNFCR;0.0249464;0.0;
2025-01-28 16:00:00;SELL;BNFCR;0.12140514;0.0;
2025-01-28 16:00:00;SELL;BNFCR;0.03623703;0.0;
2025-01-29 00:00:00;SELL;BNFCR;0.05936583;0.0;
2025-01-29 00:00:00;SELL;BNFCR;0.12155577;0.0;
2025-01-29 08:00:00;SELL;BNFCR;0.03999555;0.0;
2025-01-29 08:00:00;SELL;BNFCR;0.12326796;0.0;
2025-01-29 16:00:00;SELL;BNFCR;0.05196542;0.0;
2025-01-29 16:00:00;SELL;BNFCR;0.12170686;0.0;
2025-01-30 00:00:00;SELL;BNFCR;0.01373847;0.0;
2025-01-30 00:00:00;SELL;BNFCR;0.09444832;0.0;
2025-01-30 08:00:00;SELL;BNFCR;0.06156139;0.0;
2025-01-30 08:00:00;SELL;BNFCR;0.12610224;0.0;
2025-01-30 11:15:42;SELL;BNFCR;0.1051638;0.0;
2025-01-30 16:00:00;SELL;BNFCR;0.04430695;0.0;
2025-01-30 16:00:00;SELL;BNFCR;0.14032842;0.0;
2025-01-31 00:00:00;SELL;BNFCR;0.05879868;0.0;
2025-01-31 00:00:00;SELL;BNFCR;0.0179521;0.0;
2025-01-31 08:00:00;SELL;BNFCR;0.05002334;0.0;
2025-01-31 08:00:00;SELL;BNFCR;0.14583476;0.0;
2025-01-31 16:00:00;SELL;BNFCR;0.14758436;0.0;
2025-01-31 16:00:00;SELL;BNFCR;0.0661411;0.0;
2025-02-01 00:00:00;SELL;BNFCR;0.11606991;0.0;
2025-02-01 00:00:00;SELL;BNFCR;0.05369527;0.0;
2025-02-01 08:00:00;SELL;BNFCR;0.06165195;0.0;
2025-02-01 08:00:00;SELL;BNFCR;0.07676478;0.0;
2025-02-01 16:00:00;SELL;BNFCR;0.0224075;0.0;
2025-02-01 16:00:00;SELL;BNFCR;0.08525121;0.0;
2025-02-02 00:00:00;SELL;BNFCR;0.04576521;0.0;
2025-02-02 00:00:00;SELL;BNFCR;0.08202815;0.0;
2025-02-02 08:00:00;SELL;BNFCR;0.05983154;0.0;
2025-02-02 08:00:00;SELL;BNFCR;0.04712874;0.0;
2025-02-02 16:00:00;BUY;BNFCR;0.01196945;0.0;
2025-02-02 16:00:00;SELL;BNFCR;0.01545298;0.0;
2025-02-02 19:40:54;DEPOSIT;USDC;239.80815347;959.23261388;PLN
2025-02-02 19:42:03;BUY;USDC;239.80815347;0.0;
2025-02-02 19:42:04;SELL;USDC;239.80815347;0.0;
2025-02-02 19:42:53;SELL;USDC;239.5446088;0.0;
2025-02-02 19:42:53;SELL;BNB;2.7229E-4;0.0;
2025-02-02 19:42:53;BUY;BTC;0.00244;0.0;
2025-02-02 19:44:54;BUY;BTC;0.002;0.0;
2025-02-02 19:44:54;SELL;BTC;0.002;0.0;
2025-02-02 19:45:23;SELL;BNFCR;0.1963252;0.0;
2025-02-03 00:00:00;SELL;BNFCR;0.01791933;0.0;
2025-02-03 00:00:00;SELL;BNFCR;0.1757971;0.0;
2025-02-03 05:31:37;DEPOSIT;BTC;0.00193829;736.5502;PLN
2025-02-03 05:34:11;SELL;BTC;0.0019;0.0;
2025-02-03 05:34:11;BUY;BTC;0.0019;0.0;
2025-02-03 05:35:34;SELL;BNFCR;0.09379;0.0;
2025-02-03 08:00:00;SELL;BNFCR;0.19055789;0.0;
2025-02-03 08:00:00;BUY;BNFCR;0.08421316;0.0;
2025-02-03 16:00:00;BUY;BNFCR;0.13086286;0.0;
2025-02-03 16:00:00;SELL;BNFCR;0.0957371;0.0;
2025-02-03 22:27:06;SELL;BNFCR;0.22120281;0.0;
2025-02-03 22:29:26;SELL;BNFCR;0.34234868;0.0;
2025-02-04 00:00:00;BUY;BNFCR;0.17849008;0.0;
2025-02-04 00:00:00;SELL;BNFCR;0.05291582;0.0;
2025-02-04 08:00:00;SELL;BNFCR;0.13386215;0.0;
2025-02-04 08:00:00;SELL;BNFCR;0.01682586;0.0;
2025-02-04 16:00:00;SELL;BNFCR;0.08218784;0.0;
2025-02-04 16:00:00;BUY;BNFCR;0.13209119;0.0;
2025-02-05 00:00:00;BUY;BNFCR;0.13232839;0.0;
2025-02-05 00:00:00;BUY;BNFCR;0.00900885;0.0;
2025-02-05 08:00:00;SELL;BNFCR;0.09339478;0.0;
2025-02-05 08:00:00;SELL;BNFCR;0.0923667;0.0;
2025-02-05 16:00:00;BUY;BNFCR;0.03878592;0.0;
2025-02-05 16:00:00;SELL;BNFCR;0.03157638;0.0;
2025-02-06 00:00:00;SELL;BNFCR;0.08011225;0.0;
2025-02-06 00:00:00;SELL;BNFCR;0.04221517;0.0;
2025-02-06 08:00:00;BUY;BNFCR;0.00881301;0.0;
2025-02-06 08:00:00;BUY;BNFCR;0.00467264;0.0;
2025-02-06 16:00:00;BUY;BNFCR;0.12193384;0.0;
2025-02-06 16:00:00;SELL;BNFCR;0.11485537;0.0;
2025-02-07 00:00:00;SELL;BNFCR;0.15409584;0.0;
2025-02-07 00:00:00;SELL;BNFCR;0.03812055;0.0;
2025-02-07 08:00:00;SELL;BNFCR;0.0458479;0.0;
2025-02-07 08:00:00;SELL;BNFCR;0.13518709;0.0;
2025-02-07 16:00:00;SELL;BNFCR;0.10153123;0.0;
2025-02-07 16:00:00;BUY;BNFCR;0.0189536;0.0;
2025-02-08 00:00:00;BUY;BNFCR;0.07909393;0.0;
2025-02-08 00:00:00;BUY;BNFCR;0.02888777;0.0;
2025-02-08 08:00:00;SELL;BNFCR;0.02186528;0.0;
2025-02-08 08:00:00;SELL;BNFCR;0.14580986;0.0;
2025-02-08 16:00:00;SELL;BNFCR;0.10503295;0.0;
2025-02-08 16:00:00;SELL;BNFCR;0.00620773;0.0;
2025-02-09 00:00:00;SELL;BNFCR;0.07468065;0.0;
2025-02-09 00:00:00;BUY;BNFCR;0.00557372;0.0;
2025-02-09 08:00:00;SELL;BNFCR;0.08486294;0.0;
2025-02-09 08:00:00;SELL;BNFCR;0.1862782;0.0;
2025-02-09 16:00:00;SELL;BNFCR;0.05476078;0.0;
2025-02-09 16:00:00;SELL;BNFCR;0.07748105;0.0;
2025-02-10 00:00:00;SELL;BNFCR;0.03475174;0.0;
2025-02-10 00:00:00;SELL;BNFCR;0.0139231;0.0;
2025-02-10 08:00:00;SELL;BNFCR;0.10853044;0.0;
2025-02-10 08:00:00;SELL;BNFCR;0.17873581;0.0;
2025-02-10 16:00:00;SELL;BNFCR;0.14494573;0.0;
2025-02-10 16:00:00;SELL;BNFCR;0.08345447;0.0;
2025-02-11 00:00:00;BUY;BNFCR;0.0088555;0.0;
2025-02-11 00:00:00;SELL;BNFCR;0.08215359;0.0;
2025-02-11 08:00:00;SELL;BNFCR;0.13929113;0.0;
2025-02-11 08:00:00;SELL;BNFCR;0.06722323;0.0;
2025-02-11 16:00:00;BUY;BNFCR;0.04743444;0.0;
2025-02-11 16:00:00;BUY;BNFCR;0.01914497;0.0;
2025-02-12 00:00:00;SELL;BNFCR;0.09313142;0.0;
2025-02-12 00:00:00;SELL;BNFCR;0.02485187;0.0;
2025-02-12 08:00:00;SELL;BNFCR;0.09409225;0.0;
2025-02-12 08:00:00;SELL;BNFCR;0.05103359;0.0;
2025-02-12 16:00:00;SELL;BNFCR;0.1275078;0.0;
2025-02-12 16:00:00;SELL;BNFCR;0.09500281;0.0;
2025-02-13 00:00:00;SELL;BNFCR;0.19565742;0.0;
2025-02-13 00:00:00;SELL;BNFCR;0.15197367;0.0;
2025-02-13 08:00:00;SELL;BNFCR;0.1559839;0.0;
2025-02-13 08:00:00;SELL;BNFCR;0.07906462;0.0;
2025-02-13 16:00:00;SELL;BNFCR;0.01544795;0.0;
2025-02-13 16:00:00;SELL;BNFCR;0.01582133;0.0;
2025-02-14 00:00:00;SELL;BNFCR;0.07917969;0.0;
2025-02-14 00:00:00;SELL;BNFCR;0.0037202;0.0;
2025-02-14 08:00:00;SELL;BNFCR;0.10677759;0.0;
2025-02-14 08:00:00;SELL;BNFCR;0.1294291;0.0;
2025-02-14 16:00:00;SELL;BNFCR;0.13744333;0.0;
2025-02-14 16:00:00;SELL;BNFCR;0.12462448;0.0;
2025-02-15 00:00:00;SELL;BNFCR;0.06952885;0.0;
2025-02-15 00:00:00;SELL;BNFCR;0.00107194;0.0;
2025-02-15 08:00:00;SELL;BNFCR;0.05998978;0.0;
2025-02-15 08:00:00;SELL;BNFCR;0.06416786;0.0;
2025-02-15 16:00:00;SELL;BNFCR;0.01321275;0.0;
2025-02-15 16:00:00;SELL;BNFCR;0.07290301;0.0;
2025-02-16 00:00:00;SELL;BNFCR;0.06613069;0.0;
2025-02-16 00:00:00;SELL;BNFCR;0.06045844;0.0;
2025-02-16 08:00:00;SELL;BNFCR;0.09323131;0.0;
2025-02-16 08:00:00;SELL;BNFCR;0.00353834;0.0;
2025-02-16 16:00:00;SELL;BNFCR;0.05916879;0.0;
2025-02-16 16:00:00;SELL;BNFCR;0.0735935;0.0;
2025-02-17 00:00:00;SELL;BNFCR;0.05649856;0.0;
2025-02-17 00:00:00;SELL;BNFCR;0.11988056;0.0;
2025-02-17 08:00:00;SELL;BNFCR;0.08752738;0.0;
2025-02-17 08:00:00;SELL;BNFCR;0.12286278;0.0;
2025-02-17 16:00:00;SELL;BNFCR;0.03841633;0.0;
2025-02-17 16:00:00;SELL;BNFCR;0.16034165;0.0;
2025-02-18 00:00:00;SELL;BNFCR;0.07570241;0.0;
2025-02-18 00:00:00;SELL;BNFCR;0.1816821;0.0;
2025-02-18 08:00:00;BUY;BNFCR;0.02479471;0.0;
2025-02-18 08:00:00;SELL;BNFCR;0.19083279;0.0;
2025-02-18 16:00:00;SELL;BNFCR;0.08462524;0.0;
2025-02-18 16:00:00;SELL;BNFCR;0.19102168;0.0;
2025-02-19 00:00:00;SELL;BNFCR;0.13400453;0.0;
2025-02-19 00:00:00;SELL;BNFCR;0.07715404;0.0;
2025-02-19 08:00:00;SELL;BNFCR;0.14879733;0.0;
2025-02-19 08:00:00;SELL;BNFCR;0.11458826;0.0;
2025-02-19 16:00:00;SELL;BNFCR;0.04996786;0.0;
2025-02-19 16:00:00;SELL;BNFCR;0.17184473;0.0;
2025-02-20 00:00:00;BUY;BNFCR;0.00326994;0.0;
2025-02-20 00:00:00;SELL;BNFCR;0.04675701;0.0;
2025-02-20 08:00:00;SELL;BNFCR;0.08941032;0.0;
2025-02-20 08:00:00;SELL;BNFCR;0.06330464;0.0;
2025-02-20 16:00:00;SELL;BNFCR;0.1010556;0.0;
2025-02-20 16:00:00;SELL;BNFCR;0.14230803;0.0;
2025-02-21 00:00:00;SELL;BNFCR;0.00241702;0.0;
2025-02-21 00:00:00;SELL;BNFCR;0.05692875;0.0;
2025-02-21 08:00:00;SELL;BNFCR;0.0448643;0.0;
2025-02-21 08:00:00;SELL;BNFCR;0.10620602;0.0;
2025-02-21 16:00:00;BUY;BNFCR;0.00190231;0.0;
2025-02-21 16:00:00;SELL;BNFCR;0.06698629;0.0;
2025-02-22 00:00:00;SELL;BNFCR;0.1922628;0.0;
2025-02-22 00:00:00;SELL;BNFCR;0.0503948;0.0;
2025-02-22 08:00:00;SELL;BNFCR;0.12445976;0.0;
2025-02-22 08:00:00;BUY;BNFCR;0.02228111;0.0;
2025-02-22 16:00:00;SELL;BNFCR;0.04476178;0.0;
2025-02-22 16:00:00;SELL;BNFCR;0.055073;0.0;
2025-02-23 00:00:00;SELL;BNFCR;0.07936438;0.0;
2025-02-23 00:00:00;SELL;BNFCR;0.15635303;0.0;
2025-02-23 08:00:00;SELL;BNFCR;0.062385;0.0;
2025-02-23 08:00:00;SELL;BNFCR;0.06057434;0.0;
2025-02-23 16:00:00;SELL;BNFCR;0.00344832;0.0;
2025-02-23 16:00:00;SELL;BNFCR;0.02819804;0.0;
2025-02-24 00:00:00;SELL;BNFCR;0.11691103;0.0;
2025-02-24 00:00:00;BUY;BNFCR;0.05715372;0.0;
2025-02-24 08:00:00;SELL;BNFCR;0.01463132;0.0;
2025-02-24 08:00:00;SELL;BNFCR;0.13189228;0.0;
2025-02-24 16:00:00;SELL;BNFCR;0.03866136;0.0;
2025-02-24 16:00:00;SELL;BNFCR;0.04766982;0.0;
2025-02-25 00:00:00;SELL;BNFCR;0.18304935;0.0;
2025-02-25 00:00:00;BUY;BNFCR;0.05249333;0.0;
2025-02-25 07:32:48;BUY;BTC;0.0014;0.0;
2025-02-25 07:32:48;SELL;BTC;0.0014;0.0;
2025-02-25 08:00:00;SELL;BNFCR;0.00649247;0.0;
2025-02-25 08:00:00;SELL;BNFCR;0.09368004;0.0;
2025-02-25 16:00:00;SELL;BNFCR;0.04083397;0.0;
2025-02-25 16:00:00;SELL;BNFCR;0.02415133;0.0;
2025-02-26 00:00:00;SELL;BNFCR;0.06241965;0.0;
2025-02-26 00:00:00;SELL;BNFCR;0.02700032;0.0;
2025-02-26 08:00:00;SELL;BNFCR;0.10651536;0.0;
2025-02-26 08:00:00;SELL;BNFCR;0.08818309;0.0;
2025-02-26 16:00:00;SELL;BNFCR;0.17506984;0.0;
2025-02-26 16:00:00;SELL;BNFCR;0.04850319;0.0;
2025-02-26 20:16:45;SELL;BNFCR;3.12310961;0.0;
2025-02-26 20:16:45;SELL;BNFCR;422.54091999;0.0;
2025-02-26 20:16:45;SELL;BNFCR;2.36762888;0.0;
2025-02-26 20:16:45;SELL;BNFCR;360.516;0.0;
2025-02-26 20:16:46;SELL;BTC;0.00952502;0.0;
2025-02-26 20:16:46;BUY;BNFCR;766.98955094;0.0;
2025-02-26 20:26:32;BUY;BTC;0.015;0.0;
2025-02-26 20:26:32;SELL;BTC;0.015;0.0;
2025-02-26 20:27:16;SELL;BNFCR;0.9611125;0.0;
2025-02-27 00:00:00;SELL;BNFCR;0.18020917;0.0;
2025-02-27 07:03:34;SELL;BNFCR;0.215904;0.0;
2025-02-27 08:00:00;BUY;BNFCR;0.01489672;0.0;
2025-02-27 16:00:00;SELL;BNFCR;0.22575697;0.0;
2025-02-28 00:00:00;SELL;BNFCR;0.22388796;0.0;
2025-02-28 04:43:45;SELL;BNFCR;0.4427775;0.0;
2025-02-28 05:08:13;SELL;BNFCR;124.697;0.0;
2025-02-28 05:08:13;SELL;BNFCR;1.5574455;0.0;
2025-02-28 13:41:17;SELL;BNFCR;0.1630946;0.0;
2025-02-28 13:41:17;SELL;BNFCR;0.14678514;0.0;
2025-02-28 16:00:00;BUY;BNFCR;0.00595108;0.0;
2025-03-01 00:00:00;BUY;BNFCR;2.2423E-4;0.0;
2025-03-01 08:00:00;BUY;BNFCR;0.0983049;0.0;
2025-03-01 09:42:03;SELL;BNFCR;0.29820035;0.0;
2025-03-01 16:00:00;BUY;BNFCR;0.01890803;0.0;
2025-03-02 00:00:00;BUY;BNFCR;0.02446688;0.0;
2025-03-02 08:00:00;BUY;BNFCR;0.06236637;0.0;
2025-03-02 16:00:00;BUY;BNFCR;0.06517749;0.0;
2025-03-02 16:45:23;SELL;BNFCR;0.40977585;0.0;
2025-03-02 17:32:43;SELL;BNFCR;0.24187358;0.0;
2025-03-03 00:00:00;BUY;BNFCR;0.24957843;0.0;
2025-03-03 06:37:32;BUY;BNFCR;263.5818;0.0;
2025-03-03 06:37:32;SELL;BNFCR;2.2191504;0.0;
